2800 4976
568 213 609 272 65

27 404 246 482 oposuimus,
268 401 386 460 liberae
402 400 462 459 sint
481 419 610 460 necesse
632 409 688 460 est.
732 398 923 460 Libertatem
943 419 1017 460 vero
1040 411 1159 462 constat

27 526 72 564 se
101 503 279 584 duplicem,
300 502 427 560 alteram
444 502 510 560 fere
530 501 652 560 minoris
667 500 773 580 pretii,
797 501 930 582 quaein
952 505 1088 564 externis
1110 523 1158 564 re·

27 627 56 666 rs
86 615 255 678 versatur,
279 603 405 664 alteram
426 603 518 680 longe
538 603 696 676 maiorem,
724 622 815 682 quam
835 602 888 662 ubi
910 603 1083 665 interiorem
1106 626 1157 665 vo·

26 709 156 779 iveris,
189 727 242 765 suo
270 704 391 785 proprio
424 704 545 764 nomine
577 703 753 782 appellaris.
796 705 908 784 Neque
939 714 1042 766 tamen
1075 707 1159 785 prius

26 810 173 868 bertatis
201 826 299 884 genus
329 807 360 864 in
389 825 425 864 eo
454 825 585 886 quaero,
612 813 646 865 ut
667 803 812 864 bonarum
837 807 946 866 artium
969 807 1092 868 scholae
1120 806 1159 867 ab

25 911 92 968 mni
114 908 269 988 principis
286 907 413 986 eiusque
427 907 657 984 magistratuum
672 907 799 986 imperio
816 908 964 967 immunes
983 929 1051 970 sese
1074 911 1160 989 ipsae

25 1011 236 1081 roderentur,
259 1017 351 1089 atquo
375 1008 452 1067 adeo
476 1006 614 1067 doctores
636 1007 774 1087 publicos
796 1009 858 1068 suis
880 1009 1032 1088 suffragiis
1054 1010 1161 1088 legant

25 1123 37 1170 t
61 1113 279 1172 constituant:
307 1130 387 1190 quae
409 1129 458 1170 res
478 1117 512 1168 ut
532 1117 635 1187 potest
656 1109 822 1188 aliquando
840 1110 925 1171 utilis
947 1130 1031 1186 esse,
1059 1113 1161 1192 siqui

26 1212 182 1291 eligendi
207 1220 389 1292 potestatem
417 1210 547 1283 habent,
573 1211 679 1289 procul
702 1210 740 1269 ab
762 1212 807 1270 ira
826 1220 857 1271 et
876 1211 975 1272 studio
994 1221 1079 1283 sunt,
1103 1233 1162 1274 neo

27 1317 143 1374 rivata
166 1313 324 1374 commoda
347 1333 437 1394 quam
455 1307 582 1390 publiea
603 1313 699 1390 magis
716 1321 871 1392 spectant3
892 1314 937 1372 ita
955 1313 1029 1372 milri
1044 1314 1159 1374 littera·

23 1439 77 1476 urn
108 1415 210 1474 saluti
237 1415 345 1474 melius
369 1413 523 1494 provisum
552 1413 688 1486 videtur,
715 1414 769 1473 ubi
791 1414 915 1475 sobolae
941 1415 1005 1474 leni
1028 1416 1161 1476 civitatis

25 1517 165 1597 egimini
190 1525 316 1595 parent,
342 1514 422 1596 quod
444 1533 484 1573 ne
511 1515 596 1592 leges
621 1515 791 1589 violentur,
814 1536 853 1576 ne
875 1516 1001 1595 pulchre
1024 1518 1162 1578 instituta

23 1618 168 1679 rocordia
193 1617 402 1688 obsolescunt,
430 1635 469 1674 ne
497 1615 578 1696 quod
599 1615 682 1675 aliud
704 1616 916 1678 detrimentum
938 1637 988 1677 res
1013 1618 1163 1680 litteraria
1212 1651 1215 1658 ·

22 1722 131 1795 aciat,
157 1717 301 1799 prudenti
328 1726 358 1778 et
386 1725 504 1776 attenta
525 1737 598 1778 cura
621 1727 743 1792 caveat,
765 1717 915 1800 quidquid
939 1728 1041 1780 autem
1070 1719 1161 1781 disci-

22 1823 178 1901 plinarum
203 1819 304 1880 studio
329 1818 486 1893 conducit,
509 1820 622 1878 maiore
646 1839 713 1878 cum
732 1821 915 1880 auctoritate
932 1820 1079 1899 suadeat,
1100 1842 1162 1882 mo·

21 1933 108 1999 neat,
142 1920 266 1998 iubeat3
302 1921 358 1980 tali
386 1922 509 2000 inquam
537 1921 692 1998 regimini,
725 1921 817 2002 quale
846 1931 967 1982 nostrae
996 1923 1162 1984 litterariae

21 2024 220 2085 universitati
244 2023 408 2100 contigisse
430 2022 594 2097 laetamur,
620 2023 701 2103 quod
725 2024 882 2084 consilium
908 2025 939 2082 in
962 2023 1164 2104 providendo,

21 2126 207 2186 industriam
232 2125 264 2182 in
287 2123 420 2201 agendo,
450 2124 636 2184 celeritatem
659 2125 690 2183 in
711 2125 900 2186 conficiendo
923 2145 990 2186 cum
1011 2128 1163 2202 comitate,

21 2223 191 2301 facilitate,
228 2206 442 2286 benevolentia
476 2226 642 2304 coniungit.
686 2224 750 2287 Sed
783 2228 982 2307 praecipuum
1017 2235 1164 2290 externae

23 2329 201 2402 libertatis,
224 2327 290 2386 sine
312 2346 374 2405 qua
394 2347 432 2386 ne
457 2327 553 2386 maior
571 2326 693 2406 quidem
716 2327 770 2386 illa
786 2337 824 2388 ¹et
844 2329 970 2388 interior
991 2330 1165 2389 conservari

25 2439 141 2507 potest,
162 2428 308 2488 indicium
326 2428 385 2486 hoe
407 2427 521 2502 habeo,
543 2437 577 2486 ut
598 2447 803 2509 unaquaeque
824 2429 995 2490 scholarum
1016 2431 1164 2492 universi·

25 2541 70 2589 tas
94 2532 127 2589 in
151 2529 275 2607 collegii
297 2529 363 2588 sive
388 2531 553 2588 communis
576 2529 753 2610 publicique
774 2533 908 2609 corporis
930 2531 1050 2592 modum
1070 2531 1166 2592 admi·

27 2633 189 2704 nistretur,
221 2651 258 2690 ac
284 2631 486 2709 potentissimi
519 2632 666 2712 cuiusque
696 2631 835 2706 arbitrio,
862 2632 1000 2708 libidini,
1029 2633 1165 2694 invidiae

29 2743 174 2812 exempta
199 2732 302 2810 legum
331 2740 362 2796 et
389 2730 618 2812 privilegiorum
643 2733 675 2791 vi
695 2734 888 2793 securitatem
911 2735 1165 2815 sanctitatemque

30 2833 152 2895 habeat.
197 2834 233 2892 ln
267 2853 327 2912 quo
358 2833 462 2892 videte
497 2835 643 2894 maiorum
677 2835 871 2912 sapientiam,
907 2836 959 2915 qui
990 2835 1168 2896 eruditionis

31 2935 151 2996 scholas
165 2935 259 3014 plane
281 2937 312 2994 in
329 2935 558 3014 municipiorum
581 2937 716 3014 speciem
737 2935 952 3010 condiderunt,
974 2937 1074 3018 iisque
1092 2937 1166 2998 duas

31 3055 78 3099 res
94 3037 244 3097 maximas
260 3037 439 3108 tribuerunt,
451 3037 560 3116 quibus
575 3038 744 3097 firmissime
759 3037 971 3110 inniterentur,
985 3039 1166 3099 iurisdictio·

32 3157 98 3195 nem
120 3139 153 3197 in
173 3157 242 3198 euos
263 3148 294 3198 et
314 3137 474 3198 fundorum
495 3138 754 3219 vectigaliumque
772 3140 1000 3218 proprietatem.
1030 3139 1166 3218 Quarum

36 3237 129 3299 altera
152 3241 184 3298 in
207 3238 391 3300 Germaniae
422 3239 587 3300 academiis
613 3260 708 3320 prope
729 3242 882 3314 omnibus,
905 3249 989 3300 certe
1010 3241 1061 3313 iis,
1088 3262 1167 3322 quae

37 3337 66 3396 in
84 3340 323 3400 Protestantium
345 3341 433 3400 terris
459 3350 544 3417 sunt,
565 3362 621 3420 per
643 3361 746 3402 omnes
773 3364 870 3402 rerum
894 3343 1028 3402 civilium
1050 3345 1167 3403 vicissi-

38 3439 154 3502 tudines
182 3442 278 3502 variis
302 3442 399 3501 modis
429 3445 568 3522 quamvis
590 3444 719 3502 limitata
747 3444 861 3516 haesit,
891 3442 972 3524 quod
1000 3444 1168 3504 civitatium

38 3550 168 3603 rectores
196 3543 444 3622 perspiciebant,¹
465 3544 525 3603 alio
553 3543 642 3603 modo
667 3545 747 3602 inter
774 3544 986 3604 adolescentes
1008 3545 1167 3620 studiosae,

41 3639 95 3700 alio
116 3645 196 3704 inter
218 3653 335 3704 ceteros
355 3645 492 3704 homines
514 3645 628 3704 iudicia
648 3645 822 3704 exercenda
844 3667 931 3706 esse:
954 3646 1014 3704 nisi
1033 3646 1115 3725 quod
1137 3655 1169 3706 in

41 3747 140 3816 paucis
167 3747 242 3805 locis
266 3745 423 3806 Gallorum
452 3745 615 3806 dominatio
642 3747 759 3825 aliquot
779 3768 834 3826 per
857 3768 952 3806 annos
976 3755 1063 3806 vetus
1085 3749 1170 3807 insti·

43 3849 130 3905 tutum
159 3847 330 3926 expulerat.
375 3847 484 3906 Altera
505 3856 606 3908 autem
630 3848 701 3906 olim
724 3847 912 3907 conditarum
938 3850 1170 3910 universitatum

45 3941 175 4007 doctores
200 3949 293 4008 variis
315 3946 439 4026 quidem
461 3951 592 4026 negotiis
615 3950 778 4028 implicuit,
808 3970 874 4008 cum
900 3953 1007 4010 artium
1028 3960 1059 4010 et
1080 3950 1170 4011 disci·

44 4044 184 4118 plinarum
207 4049 401 4128 diligentiore
422 4050 504 4108 cultu
528 4059 558 4109 et
572 4051 776 4110 reconditiora
799 4053 972 4128 cognitione
991 4073 1097 4132 parum
1112 4053 1170 4111 fer-

47 4151 118 4208 tasse
134 4152 400 4210 convenientibus:
424 4150 478 4210 sed
494 4161 527 4210 ut
543 4152 720 4226 eeclesiam,
742 4154 786 4212 sic
808 4154 928 4212 scholas
947 4155 976 4212 ei
996 4155 1171 4212 coniunctas

49 4245 81 4304 ab
101 4253 228 4310 avaritia
246 4261 276 4311 et
298 4252 464 4331 cupiditate
482 4254 615 4312 maxima
638 4273 678 4310 ex
699 4262 786 4332 parte
808 4262 889 4313 tutas
907 4253 1068 4332 praestitit,
1092 4273 1171 4312 eam·

50 4363 99 4423 que
120 4353 180 4412 illis
200 4354 372 4413 firmitatem
395 4354 587 4428 conciliavit,
611 4374 690 4434 quae
712 4355 837 4415 allicere
861 4363 891 4416 et
906 4363 1120 4434 praeceptores
1143 4363 1174 4413 et

93 4454 195 4498 Beeclrhii
210 4458 278 4500 Oratt.
930 4455 949 4514 5
