2800 4976
19 440 156 491 rature
173 431 341 508 elegerunt,
359 451 488 509 quorum
504 431 676 509 exemplum
692 430 865 488 Ioaelrirnus
882 430 1175 492 SecundasEleetor

24 542 146 592 ostea
168 542 290 592 secutus
310 541 371 592 est:
402 551 502 610 nequo
526 531 715 603 humanitus,
739 531 793 590 sed
816 531 919 592 divino
942 534 1067 592 consilio
1089 534 1175 594 vide-

18 656 62 694 ur
94 635 222 694 factum
246 655 329 707 esse,
348 643 382 694 ut
401 634 559 712 imperium
580 633 877 710 Brandenburgense
900 633 1051 695 ecclcsiae
1073 657 1173 696 emen·

18 737 163 796 latione
179 737 311 794 maxime
328 745 501 814 augeretur.
538 735 648 794 Dicam
666 735 782 814 aliquid
800 735 953 812 pinguius,
970 736 1024 796 sed
1045 737 1175 798 fortasse

18 859 99 896 'ero
140 837 223 896 haud
250 837 411 896 dissimile:
441 857 501 896 non
523 837 639 896 minora
660 857 769 896 nomen
791 835 1092 916 Br·ande11b11rgicum
1114 841 1174 898 Lu·

18 942 120 999 hero
151 949 182 998 et
203 925 351 1018 pontificii
378 939 496 1016 imperii
519 940 549 998 in
574 939 739 1000 Germania
760 938 824 997 labi
846 937 952 1013 debet,
973 959 1064 1018 quam
1087 961 1174 1000 erer-

17 1042 151 1100 :itibus
179 1040 367 1120 ducibusque
396 1041 580 1115 fortissimis,
607 1061 700 1119 quum
721 1060 831 1116 magna
857 1059 927 1117 pars
948 1049 1094 1100 terrarum
1117 1045 1176 1122 ipsi

17 1144 211 1220 terentium
231 1143 263 1200 in
286 1145 496 1221 episcoporum
521 1142 591 1200 olim
609 1142 797 1220 aliorumque
818 1140 1004 1202 dominorum
1026 1145 1176 1206 ecclesiae

17 1247 268 1304 :oniunctorum
292 1252 443 1321 potestate
471 1244 580 1319 fuerit;
609 1263 700 1324 quum
727 1243 872 1301 Borussia
900 1243 967 1320 ipsa
997 1265 1057 1304 non
1082 1249 1176 1310 multo

17 1356 100 1425 nost
139 1346 313 1404 inchoatam
345 1365 444 1404 rerum
479 1365 632 1404 sacrarum
664 1345 914 1404 instaurationem
945 1347 976 1404 in
1007 1348 1176 1427 principem

16 1446 370 1524 Brandenbnrgensem
392 1449 536 1520 cesserit,
558 1467 650 1526 quum
673 1446 969 1520 Halberstadiensis,
994 1449 1175 1525 Magdebur-

16 1551 160 1628 gensis,
184 1549 265 1608 aliae
286 1549 390 1628 plures
413 1549 550 1608 diciones
574 1557 689 1608 mature
716 1569 734 1606 a
763 1547 970 1608 sacerdotibus
994 1550 1033 1608 ad
1052 1551 1175 1612 Electo-

16 1675 97 1712 rem
130 1652 193 1710 sint
217 1650 398 1709 translatae:
428 1672 467 1708 ne
497 1671 549 1709 eas
577 1659 673 1710 terras
702 1670 944 1725 commemorem,
974 1673 1052 1732 quae
1074 1663 1176 1714 nostra

17 1763 142 1813 aetate
165 1762 357 1829 comparatae
375 1761 453 1811 sunt.
481 1753 638 1812 Postremo
659 1754 747 1832 quasi
770 1751 900 1832 quodam
920 1753 982 1810 lato
1003 1753 1061 1814 loci
1081 1777 1177 1834 prope

20 1875 161 1928 omnes,
191 1874 264 1932 quos
286 1854 413 1912 Lutheri
439 1855 504 1912 vita
531 1855 666 1932 insignes
693 1854 841 1928 reddidit,
869 1875 949 1912 nune
973 1859 1068 1915 nostri
1090 1868 1176 1918 sunt:

21 1957 173 2030 Islebia,
201 1955 253 2013 ubi
275 1963 377 2029 natus,
405 1955 562 2030 Erfordia,
589 1954 640 2014 ubi
665 1958 805 2015 excultus
827 1966 888 2030 est,
910 1957 1078 2036 Viteberga
1101 1961 1176 2039 ipsa,

22 2060 86 2117 ubi
111 2057 229 2130 docuit,
248 2056 329 2116 unde
346 2057 449 2116 orbem
465 2066 611 2117 terrarum
633 2059 795 2118 luminibus
813 2059 986 2118 clarissimis
1005 2059 1178 2120 illustravit.

126 2158 200 2217 Hoc
216 2169 316 2218 autern
335 2160 469 2231 saeculo,
488 2168 648 2239 postquam
663 2161 728 2218 irae
742 2161 814 2218 illae
828 2159 1043 2220 acerbissimae
1058 2162 1177 2222 iamiam

26 2266 256 2335 deferverunt,
279 2263 527 2341 suspicionesque
542 2270 675 2320 remotae
691 2269 770 2334 sunt,
786 2261 895 2341 quibus
915 2261 1053 2322 diversae
1075 2273 1178 2325 sectae

26 2388 106 2426 sese
124 2365 258 2423 invicem
276 2363 547 2442 persequebantur,
559 2361 709 2421 Friderici
725 2361 870 2422 Guilelmi
884 2363 1009 2442 imperio
1024 2365 1177 2425 lenissimo

29 2471 203 2547 utriusque
229 2466 385 2542 religionis
414 2466 518 2542 populi
549 2466 691 2524 fraternis
715 2466 822 2524 animis
849 2465 944 2523 iuncti
974 2468 1177 2527 continentur.

30 2572 103 2648 Qui
129 2589 222 2649 quum
244 2588 277 2626 re
298 2567 423 2646 publica
444 2567 558 2626 viribus
583 2587 731 2625 armorum
748 2569 888 2625 restituta
908 2588 957 2626 res
980 2589 1082 2628 sacras
1107 2591 1178 2629 eura

32 2673 203 2751 potissima
234 2669 448 2746 amplectatur,
476 2677 568 2749 atque
593 2670 656 2746 ipse
684 2669 807 2748 pietatis
831 2669 1003 2748 exemplum
1025 2691 1060 2728 ae
1080 2674 1177 2749 speei-

33 2796 111 2834 men
136 2772 278 2830 eximium
301 2771 354 2842 sit,
376 2789 437 2827 non
459 2771 550 2843 haec,
570 2779 603 2829 ut
625 2769 706 2848 apud
729 2770 853 2843 multos,
876 2770 1024 2830 lentitudo
1042 2779 1101 2845 est,
1125 2773 1179 2831 sed

34 2876 185 2956 aequitas
209 2873 351 2944 stratio,
382 2871 462 2950 quod
483 2882 606 2932 neutros
629 2875 725 2950 magis
754 2870 867 2948 diligit,
898 2875 1013 2930 neutris
1036 2875 1179 2933 maiorem

35 2978 138 3037 fidem
152 2977 252 3034 inesse
272 2983 392 3046 censet,
413 2993 471 3032 nec
489 2995 596 3033 sensns
612 2976 777 3032 animorum
795 2974 865 3032 ullis
883 2975 1014 3033 vinculis
1032 2977 1177 3035 constrin-

37 3083 96 3158 git.
144 3076 228 3154 Quid
255 3075 335 3155 quod
356 3076 534 3134 Pontificem
560 3076 658 3154 ipsum
679 3076 842 3147 demeruit,
872 3077 924 3153 qui
946 3085 1090 3154 quantum
1112 3079 1179 3136 Fri-

39 3182 149 3240 derico
179 3178 332 3238 Guilelmo
360 3177 519 3251 tribueret,
551 3177 699 3236 Palatinis
728 3178 823 3254 copiis
847 3178 993 3256 pristinae
1022 3176 1088 3235 sedi
1111 3178 1179 3236 red-

40 3281 154 3341 dendis
184 3281 223 3338 sit
244 3279 326 3338 haud
349 3279 475 3338 obscure
498 3277 699 3338 testificatus?
733 3280 844 3359 Neque
867 3287 967 3338 tamen
990 3279 1058 3336 Rex
1077 3287 1180 3337 noster

41 3385 175 3463 patitur,
194 3389 228 3439 ut
244 3381 399 3440 commoda
419 3381 568 3440 ecclesiae
591 3379 802 3440 emendatione
825 3390 913 3458 parta
933 3379 1106 3438 dilabantur
1129 3389 1181 3438 aut

43 3487 275 3554 deminuantur,
306 3483 358 3561 qui
385 3483 494 3541 ceteris
522 3482 684 3540 virtutibus
708 3484 770 3541 suis
793 3483 850 3540 hoe
873 3479 973 3552 addit,
998 3481 1076 3558 qnod
1099 3481 1179 3541 litte·

43 3609 146 3647 rarum
177 3584 277 3643 studia
307 3583 421 3642 artibus
450 3593 480 3642 et
509 3583 678 3661 disciplinis
706 3582 857 3656 colendis,
886 3591 916 3640 et
943 3583 1037 3640 omnis
1060 3585 1181 3660 generis

44 3689 160 3748 scholis
181 3687 290 3766 partim
318 3685 483 3744 condendis
506 3687 614 3762 partim
635 3686 763 3744 lautiore
785 3691 933 3761 apparatu
961 3683 1108 3759 augendis
1128 3705 1180 3742 ex-

47 3793 121 3850 citat
141 3796 173 3848 et
195 3789 359 3846 confirmat.
405 3786 498 3846 Cuius
518 3785 710 3844 liberalitatis
732 3785 772 3843 ad
796 3804 951 3862 quosnam,
972 3804 1096 3862 quaeso,
1119 3786 1180 3843 fru-

48 3903 112 3952 ctus
134 3892 263 3949 maiores
283 3889 502 3962 redundarunt,
527 3907 616 3967 quam
639 3885 677 3944 ad
700 3894 832 3945 nostram
856 3883 1032 3944 eruditionis
1054 3885 1181 3944 sedem?

47 3995 145 4071 Igitur
165 3990 316 4051 Friderici
339 3991 484 4051 Guilelmi
506 3989 651 4047 natalicia
679 4007 861 4068 quamquam
881 3987 998 4063 patriae
1019 3987 1182 4045 universae

50 4104 118 4154 sunt
147 4094 333 4166 eommunia,
363 4102 464 4151 tamen
494 4090 564 4148 huic
592 4090 786 4148 universitati
814 4087 1033 4168 quodammodo
1061 4088 1183 4166 propria

50 4196 150 4256 videri
176 4194 303 4270 debent3
330 4213 431 4273 neque
456 4209 589 4270 unquam
611 4192 688 4249 haec
711 4190 830 4248 desinet
850 4192 986 4267 parentis
1008 4189 1055 4248 sui
1075 4191 1184 4247 merita

50 4306 137 4376 grata
157 4304 259 4355 mente
281 4295 418 4353 recolere
437 4293 606 4370 laudesque
626 4291 792 4364 disserere,
811 4290 865 4350 sed
883 4289 1044 4370 quotannis
1061 4287 1184 4346 hoodie

52 4397 219 4458 laetissimo
251 4397 283 4454 in
309 4395 461 4473 Principis
495 4393 721 4452 elementissimi
756 4391 850 4449 verba
883 4399 912 4449 et
946 4391 1030 4465 leges
1065 4388 1103 4445 ab
1131 4387 1184 4444 illo
