2800 4976
506 359 519 364 -
557 271 650 366 ..il
673 360 701 364 ,,

27 479 148 518 omnem
177 466 211 518 et
235 459 336 537 paullo
358 459 573 518 abstrusiorem
596 467 723 520 naturae
751 481 804 520 scu
828 459 952 520 divinae
979 464 1045 521 sive
1068 462 1172 522 huma·

26 581 85 620 nae
108 560 344 639 indagationem
366 582 427 620 non
448 561 545 622 solum
570 583 680 622 vanam
703 571 843 634 censent,
866 582 971 622 verum
993 564 1083 622 otiam
1103 564 1172 624 red-

26 661 100 722 dere
120 672 299 742 suspectam
320 673 475 723 conantur.
509 665 598 742 Quae
620 685 711 744 quum
729 665 773 723 ita
792 665 867 740 sint,
892 665 965 724 satis
986 673 1073 742 patet
1094 685 1173 745 quae

27 787 95 824 mea
118 767 277 826 sententia
291 765 491 826 institutionis
507 765 703 826 academicae
720 785 788 826 esse
804 765 916 826 debeat
937 767 1026 830 ratio.
1049 763 1173 828 Etenim

28 869 165 944 genuina
195 868 292 927 omnis
322 867 439 926 cultura
470 867 564 928 animi
597 867 636 926 ab
665 867 820 928 auditione
850 867 1098 947 philosophorum
1127 869 1172 928 iu·

29 969 170 1028 elinando
192 977 255 1044 est,
278 971 330 1048 qui
346 969 427 1028 viam
448 967 700 1049 philosophandi,
723 968 889 1030 doctrinam
911 969 1055 1030 moralem
1074 976 1105 1028 ct
1119 989 1171 1030 na·

29 1071 178 1145 tur-alem,
210 1071 410 1142 mathemata,
439 1071 557 1131 litteras
578 1071 775 1130 humanitatis
799 1079 831 1130 ct
852 1071 1009 1130 historiam
1031 1068 1172 1130 tradunt:

29 1172 139 1251 quibus
170 1172 340 1234 tractandis
369 1180 486 1248 mentes
513 1173 657 1232 iuvenum
684 1181 747 1232 tum
771 1172 809 1232 ab
837 1172 982 1232 illiberali
1009 1169 1174 1232 studiorum

30 1273 233 1334 ineundorum
249 1295 346 1350 more,
366 1295 456 1354 quem
476 1274 559 1332 haud
580 1275 671 1352 pauci
691 1281 862 1346 sectantur,
885 1272 1077 1334 abducuntur
1097 1274 1172 1353 opti·

29 1396 90 1450 me,
112 1384 178 1435 tum
200 1379 237 1436 iis
259 1376 433 1436 imbuuntur
454 1375 642 1449 notionibus,
663 1376 773 1455 quibus
795 1385 898 1434 cetera
920 1377 1021 1436 omnia
1042 1373 1171 1434 fundau-

32 1484 78 1534 tur
106 1498 144 1536 ac
175 1479 377 1538 continentur.
422 1477 545 1538 Deinde
576 1476 738 1557 disciplina
767 1477 851 1536 nulla
878 1477 921 1536 ita
949 1485 1002 1536 aut
1034 1473 1173 1536 docenda

32 1587 82 1636 ant
104 1579 255 1639 discenda
278 1590 339 1652 est,
364 1589 398 1639 nt
419 1580 575 1640 materiam
596 1579 702 1638 rudem
725 1588 755 1640 et
778 1579 976 1656 indigestam,
997 1597 1098 1657 neque
1125 1597 1172 1638 or·

35 1677 102 1738 dine
124 1681 265 1758 legitimo
287 1681 465 1761 dispositam
484 1701 541 1740 nee
562 1681 728 1740 luminibus
743 1681 962 1740 sententiarum
980 1680 1171 1752 illustratam,

34 1799 89 1838 nec
113 1784 290 1860 praeceptis
314 1803 354 1842 ex
376 1803 436 1841 uno
465 1782 549 1842 fonte
572 1783 712 1861 repetitis
740 1781 883 1861 discipuli
904 1803 923 1840 a
946 1780 1070 1840 doctore
1093 1781 1171 1840 acci·

35 1883 118 1958 piant
151 1892 184 1942 et
208 1886 372 1944 memoriae
400 1883 561 1943 mandent:
594 1904 695 1964 neque
720 1885 752 1944 in
778 1882 868 1944 rebus
892 1883 1099 1942 communibus
1120 1903 1170 1942 ac·

36 1983 265 2062 quiescendum,
281 2007 357 2065 quas
377 1985 463 2045 nulla
481 1994 533 2044 aut
551 1985 708 2045 levissima
728 1986 921 2046 contentione
942 1985 1034 2044 animi
1053 1985 1170 2063 perspi·

37 2086 109 2159 cias,
133 2087 190 2146 sed
211 2086 427 2148 accendendas
448 2095 479 2147 et
500 2086 692 2148 exercendae
708 2096 825 2148 mentes
840 2095 924 2162 sunt,
944 2095 977 2145 ut
997 2086 1169 2146 ardentissi·

35 2207 109 2246 mam
131 2189 282 2248 scientiae
303 2191 383 2248 sitim
406 2189 531 2267 explere
550 2190 708 2267 cupientes
724 2190 756 2248 in
773 2189 976 2265 cognitionem
989 2185 1170 2266 profundam

37 2291 154 2366 penitus
180 2310 215 2348 se
243 2292 447 2369 ingurgitent,
479 2311 548 2348 mox
576 2290 689 2351 nullius
717 2299 788 2350 ante
816 2289 880 2349 solo
908 2290 981 2348 trita
1002 2288 1169 2348 litterarum

37 2389 126 2468 adyta
150 2391 299 2452 accedere
326 2401 356 2452 et
378 2413 487 2472 sapere
510 2392 594 2452 nullo
620 2391 698 2453 duce
721 2391 864 2454 audeant.
908 2391 1076 2448 Praeterea
1095 2409 1169 2468 quo-

38 2492 112 2549 niam
141 2514 179 2552 ca
206 2493 378 2554 hominibus
407 2503 517 2552 natura
543 2495 635 2554 insita
662 2504 722 2568 est,
752 2503 785 2554 ut
812 2493 934 2570 ingenio
951 2477 1096 2550 ¹libenter
1117 2490 1169 2550 ab·

38 2601 170 2668 utuntur,
200 2604 231 2656 et
254 2594 422 2654 doctrinam
444 2597 540 2674 ipsam
565 2597 597 2654 in
623 2605 783 2674 quaestum
808 2604 943 2666 vertere,
965 2613 1020 2670 pro
1041 2593 1169 2671 privatis

41 2697 199 2756 commodis
227 2697 280 2757 vel
307 2699 339 2756 in
366 2697 496 2775 gratiam
523 2707 679 2776 potentum
703 2707 845 2776 torquere
868 2694 1034 2754 sententias
1059 2703 1089 2752 ct
1110 2693 1169 2752 buo

40 2796 106 2856 illuc
135 2820 275 2873 versare,
310 2807 460 2876 postremo
498 2800 662 2860 ambitione
688 2820 784 2878 prava
813 2797 993 2858 deteriorem
1020 2795 1168 2854 rationem

41 2899 188 2960 meliorem
210 2901 313 2960 facere
336 2910 452 2960 ament:
476 2900 594 2960 doctori
616 2902 759 2979 religioso
780 2899 858 2960 nihil
879 2899 963 2976 prius
982 2899 1167 2976 prospicien-

43 2997 106 3058 dum
128 3012 188 3077 est,
216 3023 306 3082 quam
328 3011 361 3061 ut
384 3003 525 3082 exemplo
547 3013 578 3063 et
598 3003 740 3082 alloquiis
761 3021 883 3062 sensum
905 3001 971 3060 veri
992 3009 1023 3058 et
1042 2999 1115 3060 boni
1137 3001 1168 3058 in

42 3103 147 3162 teneris
172 3105 279 3164 animis
302 3112 391 3162 acuat
414 3104 661 3183 corroboretque,
685 3123 798 3183 eosque
816 3124 835 3161 a
857 3101 1065 3173 simulatione,
1087 3122 1167 3160 arro·

44 3205 154 3278 gentis,
179 3204 360 3282 eupiditate,
383 3206 467 3264 lucro
488 3206 593 3284 procul
613 3213 742 3264 avertat.
787 3202 849 3265 Sed
872 3204 931 3262 iam
954 3222 990 3262 eo
1012 3222 1061 3260 me
1084 3201 1167 3260 dela·

44 3307 99 3361 tum
119 3307 227 3381 video,
250 3305 419 3379 auditores,
440 3307 523 3386 quod
545 3307 681 3366 devitare
703 3306 835 3365 maxime
854 3303 1025 3377 studebam,
1048 3303 1101 3380 qui
1124 3303 1167 3361 in-

45 3403 157 3466 ciderim
187 3409 218 3466 in
246 3418 454 3485 argumentum
482 3417 544 3467 tam
572 3409 718 3488 amplum,
749 3417 811 3466 tam
840 3406 1009 3484 copiosum,
1042 3402 1169 3482 quodsi

46 3510 179 3588 persequi
199 3510 257 3567 rite
280 3509 407 3582 vellent,
432 3519 462 3568 et
480 3511 575 3569 multa
594 3509 667 3566 mihi
690 3507 820 3568 dicenda
839 3507 952 3578 forent,
969 3525 1049 3584 quae
1071 3503 1168 3577 vobis,

46 3609 283 3689 praeceptoribus
312 3611 594 3688 praestantissimis,
628 3611 757 3668 contrita
781 3618 811 3670 et
834 3608 971 3667 obsoleta
992 3613 1110 3678 essent,
1138 3617 1170 3664 et

46 3706 67 3761 si
85 3709 209 3785 plurima
233 3720 265 3770 et
284 3711 463 3788 gravissima
485 3710 646 3785 dixissem,
669 3719 771 3770 tamen
792 3731 850 3771 nec
868 3708 1015 3788 pauciora
1036 3726 1094 3765 nec
1115 3705 1169 3764 rni-

47 3825 111 3867 nora
132 3811 253 3871 viderer
275 3813 421 3872 omisisse.
458 3813 554 3889 Igitur
576 3834 615 3872 ne
635 3812 760 3891 scopulo
782 3813 852 3871 huie
874 3809 1038 3887 impingar,
1059 3827 1170 3866 revoco

47 3927 87 3966 me
107 3932 124 3970 a
145 3933 234 3972 cursu
257 3922 287 3972 et
313 3913 383 3972 vela
406 3915 560 3974 contraho.
605 3913 647 3972 At
669 3913 751 3972 dicet
773 3911 898 3990 aliquis:
921 3918 954 3969 tu
976 3907 1099 3988 quidem
1120 3908 1169 3966 lit-

48 4015 117 4071 teres
143 4014 183 4072 ab
215 4015 293 4074 omni
318 4015 400 4072 vitae
424 4034 460 4073 ac
490 4015 680 4092 negotiorum
706 4013 913 4072 communione
940 4029 1031 4089 quam
1057 4009 1170 4086 longis·

49 4110 112 4171 sime
132 4135 260 4174 revocas
285 4123 377 4195 atque
396 4116 427 4173 in
450 4116 542 4174 otium
565 4117 709 4192 ignavum
727 4114 863 4190 relegas:
886 4120 921 4170 ut
938 4110 1050 4184 bonas,
1069 4117 1103 4168 ut
1118 4108 1170 4168 de·

51 4228 123 4274 coras
150 4217 360 4294 proposueris;
388 4217 430 4274 ita
457 4217 620 4276 utilitatem
647 4215 778 4285 nullam,
807 4211 986 4291 praesertim
1015 4209 1170 4288 publicam

51 4326 267 4377 commonstres:
288 4317 345 4377 hoc
369 4325 451 4377 certe
474 4318 543 4376 loco
565 4326 596 4376 et
617 4316 676 4375 boc
696 4317 762 4394 ipso
784 4312 834 4372 die
854 4332 913 4373 nec
935 4318 1024 4371 caute
1043 4311 1116 4369 satis
1140 4317 1171 4370 et

51 4429 142 4486 parum
165 4418 402 4478 accommodate.
447 4419 514 4496 Ego
537 4438 611 4478 vcro
632 4437 671 4478 ne
694 4414 889 4476 dulcedinem
912 4415 1068 4472 Musarum
1090 4409 1169 4470 edis-
