2800 4976
793 247 812 310 2

703 341 905 348 ——--·

238 461 303 515 cos,
334 440 386 520 qui
418 440 571 500 exstincta
603 440 763 514 libertate,
796 441 946 500 exstincto
976 438 1150 500 incredibili
1184 440 1237 499 illo
1268 438 1395 500 ardorel

237 543 345 615 animi,
375 562 435 621 quo
464 540 503 600 ad
535 543 827 621 praestantissimum
860 539 1003 620 quodque
1036 541 1155 599 facinus
1190 541 1382 616 ferebantur,

237 645 389 702 exstincta
412 642 544 721 denique
570 644 680 702 virtute
709 644 838 722 pristina
865 643 939 720 ipsis
962 642 1074 702 Graeci
1095 643 1224 702 nominis
1247 642 1382 702 admira-

235 744 350 803 toribus
370 744 466 822 inepti
486 743 684 803 videbantur:
708 745 776 823 quis
792 744 1015 825 Panegyricum
1030 743 1125 802 Plinii
1150 744 1187 802 ab
1210 746 1292 802 omni
1312 765 1381 821 pro·

235 846 288 904 bet
315 854 416 926 parte,
445 865 629 925 quamquam
652 844 765 904 dictum
793 847 822 904 ei
848 846 995 924 principi,
1024 865 1083 925 quo
1111 853 1193 904 terra
1221 845 1396 912 meliorem,

235 969 297 1006 non
315 947 410 1005 tulit?
433 947 593 1026 quievero
617 947 720 1026 paullo
743 947 899 1006 liberalior
924 947 1074 1006 Eumenio
1101 945 1287 1019 delectetur,
1317 947 1381 1005 Na-

236 1045 336 1122 zario',
358 1049 468 1107 Latino
484 1048 614 1120 Pacato,
641 1049 820 1108 Mamertino
841 1056 969 1128 utroque
993 1047 1123 1127 aliisque
1141 1047 1230 1105 huius
1247 1048 1380 1106 sectae?

237 1148 373 1227 Quorum
395 1148 517 1228 quidem
541 1149 674 1209 dedecus
706 1149 907 1208 adulatorium
930 1158 1098 1227 temporum
1119 1149 1306 1230 infelicitate¹
1328 1170 1379 1208 ex-

237 1272 339 1310 cuses:
368 1271 424 1310 nos
452 1259 554 1309 autem
584 1251 651 1330 quis
680 1261 726 1310 est
759 1252 833 1330 quin
859 1251 967 1310 beatos
995 1251 1166 1328 praedicet,
1193 1249 1277 1329 quod
1305 1251 1379 1308 huic

236 1354 315 1430 Regi
341 1372 497 1432 paremus,
527 1372 616 1432 quem
646 1361 676 1410 et
706 1351 834 1412 laudare
860 1354 924 1412 sine
955 1351 1131 1410 adulatione
1157 1352 1231 1410 licet
1259 1361 1292 1411 et
1319 1373 1378 1409 non

235 1452 363 1513 laudare
390 1454 456 1512 sine
486 1451 674 1512 offensione?
719 1451 836 1530 Quodsi
865 1475 918 1512 vos
949 1462 1104 1531 putassem
1137 1461 1378 1532 exspectaturos,

236 1554 406 1630 auditores,
428 1563 463 1612 ut
483 1574 550 1613 meo
570 1555 732 1632 praeconio
757 1553 847 1631 digne
870 1553 1079 1614 dilaudaretur
1105 1556 1190 1628 Rex,
1219 1555 1307 1613 cuius
1328 1555 1377 1612 be-

235 1657 346 1714 neficia
373 1657 404 1714 in
427 1657 557 1736 patriam
578 1656 731 1715 cumulata
754 1676 815 1714 uno
844 1657 974 1715 omnium
998 1675 1049 1714 ore
1072 1656 1252 1731 efferuntur,
1276 1656 1377 1734 prof·

235 1767 283 1816 cto
305 1777 392 1816 meae
415 1758 572 1817 tenuitatis
593 1759 780 1816 conscientia
796 1757 856 1815 huc
875 1751 935 1835 'ego
958 1755 1126 1817 ascendere
1141 1778 1297 1837 nunquam
1313 1778 1377 1815 sus·

234 1859 406 1918 tinuissem:
430 1859 512 1939 quod
533 1879 606 1918 vero
628 1860 690 1917 scio
711 1860 811 1918 levius
830 1858 974 1937 quiddam
992 1878 1010 1916 a
1030 1878 1078 1916 me
1097 1857 1235 1936 deposci,
1258 1859 1378 1936 ingenii

234 1961 295 2019 mei
316 1961 486 2020 exilitatem
509 1969 610 2019 vestra
631 1959 823 2038 indulgentia
847 1960 985 2018 consolor
1008 1958 1239 2037 quodammodo.
1287 1960 1375 2018 Atta·

235 2081 318 2130 men,
348 2071 382 2120 ut
407 2062 519 2139 largiar
545 2063 703 2121 remissum
726 2083 793 2121 esse
820 2061 867 2135 id,
891 2060 973 2141 quod
995 2061 1087 2138 longe
1111 2059 1325 2120 difficillimum
1350 2072 1376 2118 et

236 2171 282 2222 est
302 2171 334 2222 et
353 2163 498 2239 habetur;
521 2171 666 2242 quantum
688 2165 728 2222 sit
750 2163 852 2223 dicere
874 2164 932 2222 hoc
957 2162 1023 2236 die,
1052 2162 1109 2221 boc
1130 2172 1231 2235 coetu,
1256 2183 1296 2222 ex
1320 2164 1375 2220 hoc

235 2264 303 2322 loco
324 2263 362 2323 de
380 2273 556 2342 argumento
578 2264 730 2343 quolibet,
755 2285 842 2324 nemo
864 2285 924 2323 non
948 2265 1110 2340 intelligit,
1134 2265 1186 2342 qui
1206 2264 1251 2322 rei
1277 2264 1374 2340 digni·

233 2373 327 2424 tatem
348 2367 448 2426 metiri
477 2366 557 2426 iusto
578 2366 699 2425 modulo
724 2368 813 2425 velit:
841 2386 897 2443 ego
920 2380 1009 2439 vero,
1039 2367 1070 2423 in
1100 2364 1262 2424 discrimen
1285 2385 1374 2424 voca·

234 2475 283 2526 tus
304 2468 387 2546 ipse,
407 2469 451 2526 ita
472 2469 640 2545 persentio,
666 2476 700 2527 ut
719 2477 833 2527 tanturn
859 2487 920 2526 non
942 2476 1073 2526 mentem
1095 2467 1252 2544 percellat.
1287 2468 1374 2537 Nam,

233 2567 315 2648 quod
334 2569 485 2628 Licinium
508 2569 650 2628 Crassum
673 2571 794 2629 Tullius
814 2570 991 2650 loquentem
1009 2569 1098 2640 fecit,
1120 2587 1261 2644 magnum
1278 2568 1372 2648 quod·

234 2671 302 2729 dam
327 2680 373 2730 est
396 2691 471 2729 onus
495 2679 587 2750 atque
608 2693 732 2743 munus,
762 2673 917 2749 suscipere
944 2681 1036 2750 atque
1065 2668 1214 2748 profiteri,
1244 2689 1278 2728 sc
1308 2689 1373 2728 esse

235 2771 373 2831 omnibus
395 2772 555 2832 silentibus
576 2794 668 2832 unum
691 2775 831 2831 maximis
857 2772 895 2831 dc
916 2773 1005 2832 rebus
1025 2791 1135 2849 magno
1164 2772 1195 2829 in
1221 2781 1373 2831 conventu

232 2875 386 2932 hominum
408 2873 601 2933 audiendum.
647 2875 690 2933 At
712 2875 811 2954 qualis
834 2884 1025 2954 quantusque
1048 2874 1099 2932 hic
1115 2881 1162 2932 est
1183 2872 1374 2932 conventus?

234 2995 313 3054 quae
335 2984 365 3033 et
387 2985 500 3053 quanta
526 2977 686 3054 provincia
712 2977 784 3034 mihi
814 2974 1019 3034 demandata?
1063 2975 1165 3033 Tanta
1192 2974 1264 3032 mihi
1288 2975 1372 3034 vide-

232 3085 296 3151 tur,
320 3077 490 3151 auditores,
510 3087 543 3136 ut
565 3078 685 3156 singula
707 3079 861 3156 reputanti
883 3076 1024 3136 concidat
1043 3077 1165 3136 iamiam
1184 3095 1270 3153 spes,
1292 3078 1322 3135 ei
1344 3085 1373 3134 ut

232 3178 418 3256 respondere
440 3180 514 3238 satis
536 3181 657 3257 possim.
701 3180 780 3238 Nam
807 3181 935 3258 primum
962 3177 1036 3236 mihi
1058 3177 1220 3236 dicendum
1241 3186 1289 3236 est
1312 3198 1373 3236 non

233 3281 265 3338 in
290 3278 402 3359 oppido
424 3279 579 3356 mediocri,
601 3281 656 3340 sed
678 3281 710 3337 in
728 3281 803 3339 urbe
824 3281 983 3360 primaria,
1006 3278 1187 3338 urbanitatis
1214 3298 1251 3337 ac
1274 3280 1373 3339 scien-

232 3383 295 3442 tiae
317 3382 409 3458 longo
433 3401 472 3440 ex
492 3390 628 3460 tempore
645 3383 837 3460 plenissima,
859 3391 888 3440 et
904 3380 1123 3462 quodammodo
1144 3381 1175 3438 in
1197 3381 1264 3459 ipsa
1286 3383 1373 3458 regia

213 3484 303 3548 ⁴aula
327 3483 482 3542 doctrinae
501 3483 643 3542 laudibus
665 3483 748 3542 haud
770 3482 963 3542 mediocriter
983 3482 1146 3541 celebrata.
1180 3480 1303 3540 Deinde
1325 3483 1373 3539 hic

231 3584 375 3644 sedentes
400 3585 553 3664 conspicio
575 3584 778 3644 nobilissimos
807 3593 900 3664 atque
931 3584 1147 3643 illustrissimos
1171 3584 1304 3642 civitatis
1328 3587 1371 3642 vi-

231 3707 297 3760 ros,
327 3696 419 3765 atque
452 3688 530 3745 inter
561 3707 613 3747 eos
647 3708 740 3766 quum
770 3688 932 3745 universae
960 3706 1014 3763 per
1042 3693 1153 3744 terram
1179 3685 1371 3743 Borussicam

230 3809 330 3848 rerum
351 3809 503 3846 sacrarum
527 3797 557 3847 et
575 3789 741 3848 studiorum
763 3787 959 3867 disciplinae,
981 3796 1044 3845 tum
1061 3795 1184 3846 nostrae
1204 3787 1250 3844 rei
1272 3786 1371 3864 publi·

234 3909 288 3948 cae
310 3890 478 3948 litterariae
509 3899 664 3948 curatores
690 3889 910 3969 praesidesque
936 3889 1146 3966 gravissimos,
1175 3888 1228 3967 qui
1249 3889 1370 3947 inurba-

230 4011 302 4050 num
329 3989 564 4069 imprudensque
594 3989 708 4049 dictum
736 4010 884 4069 seponere
908 3990 1011 4069 lepido
1040 4009 1077 4049 ac
1109 3989 1241 4069 sapienti
1272 3990 1371 4048 sciunt

232 4091 443 4150 callidissime:
474 4092 583 4170 quibus
607 4093 773 4151 orationem
794 4112 892 4151 meam
918 4092 1056 4169 probari,
1085 4101 1119 4151 ut
1144 4111 1255 4170 cupere
1277 4091 1368 4150 vohe-

231 4202 348 4251 menter
368 4191 483 4267 debeo,
501 4195 544 4251 ita
567 4194 620 4251 vix
641 4213 677 4251 ac
701 4213 741 4252 ne
761 4194 812 4252 vix
830 4192 953 4273 quidem
974 4212 1099 4271 sperare
1122 4192 1231 4252 audeo.
1276 4193 1369 4251 Prae-

230 4303 317 4353 terea
345 4280 405 4353 buc
431 4303 632 4372 congregatos
662 4294 752 4354 video
782 4303 813 4354 et
840 4295 949 4355 Patres
978 4296 1185 4354 universitatis
1222 4294 1312 4352 huius
1341 4304 1369 4352 et

232 4396 308 4454 alios
330 4395 508 4455 eruditionis
531 4405 623 4476 atque
645 4397 761 4474 ingenii
788 4397 870 4455 fama
896 4405 1087 4482 praestaptes
1117 4398 1212 4455 viros:
1235 4397 1288 4474 qui
1311 4415 1368 4475 quo
