2800 4976
597 211 638 273 25

515 302 713 311 ———

13 423 97 460 non
126 423 222 461 unum
241 411 271 462 et
293 401 423 462 alterum
443 401 601 488 doctrinae
617 402 801 462 domicilium
819 401 975 476 fundavit,
997 401 1053 462 sed
1068 403 1187 462 univer·

12 525 102 563 sam
133 504 301 564 studiorum
320 505 484 576 rationem,
508 504 642 564 consiliis
661 524 734 564 usus
753 504 936 584 sapientium
952 503 1071 564 illorum
1091 505 1184 564 homi-

12 628 129 682 num,
160 608 213 687 qui
239 606 422 666 institutioni
451 605 594 684 publicae
624 615 655 666 et
680 607 771 666 rebus
794 607 888 666 sacris
915 615 1076 687 praesunt,
1102 607 1184 666 illius

14 709 181 786 inprimis
196 709 256 768 viri
271 709 532 783 excellentissimi,
555 709 605 768 cui
624 709 660 768 ob
682 709 833 787 insignem
847 709 990 768 virtutem
1006 709 1181 768 interiorum

12 830 141 868 rerum
165 811 296 870 omnium
320 831 392 869 cura
411 809 596 871 laetantibus
620 811 771 870 universis
796 809 981 870 demandata
1004 819 1051 870 est
1071 830 1182 889 nuper·

13 913 131 987 rime,
156 911 331 972 emendavit
354 921 384 972 et
406 914 603 988 instauravit,
627 913 708 993 quod
724 913 817 992 probe
833 911 1042 990 intelligebat,
1065 913 1181 972 viribus

16 1015 178 1073 civitatis
208 1013 402 1074 labefactatis
430 1014 511 1073 haud
538 1034 629 1094 posse
657 1015 768 1074 melius
790 1013 961 1086 subveniri,
992 1033 1082 1094 quarn
1110 1013 1179 1074 luce

15 1115 149 1174 artium
174 1124 205 1174 et
223 1115 305 1175 cultu
320 1117 520 1194 ingeniorum.
564 1116 650 1176 Idem
672 1125 805 1176 nostram
827 1115 1054 1195 disciplinarum
1073 1115 1178 1176 sedem

14 1225 124 1276 tanta
154 1218 361 1277 munificentia
383 1216 535 1294 condidit,
562 1228 676 1299 quanta
697 1238 786 1278 nemo
807 1219 940 1297 priorum
959 1217 1112 1277 hominum
1133 1227 1179 1278 est

17 1340 127 1379 usus:
151 1320 183 1379 in
203 1339 263 1400 qua
285 1320 406 1379 formati
429 1319 640 1382 adolescentes
661 1340 723 1380 non
745 1319 832 1380 modo
853 1320 963 1380 litteris
986 1318 1041 1380 sed
1062 1321 1175 1379 virtute

17 1423 118 1480 omni
143 1429 336 1500 praestantes
361 1421 440 1499 Regi
470 1423 685 1500 augustissimo
705 1423 819 1500 gratias
843 1423 971 1482 maiores
993 1421 1176 1480 rettulerunt

19 1525 129 1584 factis
161 1543 251 1603 quam
275 1544 332 1602 ego
354 1543 447 1602 agere
470 1523 559 1585 dictis
581 1544 713 1604 possum.
759 1523 855 1605 Atqui
876 1525 954 1584 haec
982 1544 1074 1603 quum
1097 1524 1175 1582 inter

18 1625 177 1704 pericula
204 1624 328 1703 publiea
351 1626 603 1706 calamitatesque
625 1625 750 1699 feeerit,
780 1625 854 1684 licet
875 1623 947 1684 inde
971 1627 1174 1686 coniecturam

21 1745 170 1806 capere,
198 1726 271 1806 quid
296 1727 405 1787 robore
441 1729 572 1788 civitatis
598 1747 678 1788 nunc
703 1728 844 1788 restituto
881 1726 1048 1807 opibusque
1078 1727 1175 1786 auctis

21 1836 220 1907 exspectare
248 1849 267 1886 a
294 1828 452 1890 Friderico
479 1829 631 1890 Guilelmo
660 1831 769 1890 artium
797 1827 897 1890 studia
920 1829 1049 1907 possint.
1093 1827 1173 1886 Num

23 1932 116 1989 enim
140 1930 194 1989 ille
215 1933 348 2009 patietur
364 1931 396 1989 in
415 1931 551 1991 secunda
570 1933 692 1991 fortuna
708 1931 817 2007 dilabi,
841 1951 920 2012 quae
936 1951 992 2011 per
1014 1928 1174 1989 adversam

21 2032 193 2092 laboribus
215 2020 315 2092 multis
340 2041 427 2092 erant
443 2032 573 2112 parata?
595 2053 667 2092 num
689 2034 949 2093 constantissimus
971 2032 1023 2092 ille
1039 2031 1172 2091 Frideri·

24 2156 83 2194 eus
112 2133 286 2195 Guilelmus
309 2133 462 2208 instituta,
486 2154 565 2216 quae
589 2134 661 2209 sibi,
683 2134 765 2214 quod
788 2133 988 2212 praevidebat
1007 2135 1052 2194 rei
1072 2133 1170 2212 publi·

24 2258 85 2296 cae
120 2237 187 2296 fore
209 2236 421 2310 saluberrima,
448 2245 663 2316 proposuerat,
693 2256 731 2296 ea
752 2257 833 2295 nunc
855 2223 1171 2316 deseret,postquam

23 2360 78 2398 res
104 2341 175 2416 ipsa
197 2338 315 2413 docuit,
337 2357 427 2417 quarn
451 2339 515 2398 eius
537 2359 622 2399 mens
640 2339 805 2418 perspicax
830 2346 913 2397 recte
938 2345 1021 2421 esset
1042 2356 1176 2415 augura·

24 2441 83 2500 ta‘?
123 2439 237 2499 Verum
266 2439 337 2498 nolo
364 2460 457 2518 opera
486 2440 569 2500 abuti
598 2441 630 2499 in
650 2441 739 2520 Rege
765 2438 935 2500 laudando:
957 2458 1006 2498 res
1030 2439 1109 2498 enim
1132 2438 1170 2498 ab

25 2544 97 2623 ipso
119 2550 228 2620 gestae
242 2563 304 2601 non
319 2543 495 2623 loquuntur,
519 2542 573 2602 sed
589 2543 734 2619 clamant3
756 2561 857 2622 neque
877 2541 924 2600 illi
941 2538 1171 2620 praedicatione

28 2654 84 2703 aut
107 2644 217 2704 statuis
241 2643 448 2724 columnisque
469 2652 515 2706 est
535 2665 625 2724 opus,
646 2665 738 2725 quum
754 2645 785 2703 in
807 2643 918 2702 civium
938 2641 1111 2723 pectoribus
1126 2651 1170 2702 tot

27 2747 75 2805 illi
100 2754 229 2824 surgant
247 2745 372 2820 altaria,
393 2747 425 2805 in
441 2745 550 2827 quibus
566 2748 647 2825 grati
661 2748 753 2806 enimi
771 2747 938 2806 offeruntur
956 2764 1072 2818 sensus,
1088 2744 1170 2803 haud

27 2857 101 2908 tura
125 2847 338 2907 incenduntur.
383 2848 485 2908 Unum
508 2849 566 2907 hoc
592 2848 696 2908 licebit
718 2846 842 2907 addere.
886 2848 1018 2907 Divinus
1039 2846 1093 2907 ille
1114 2867 1167 2906 na·
1254 2867 1256 2874 ¹

27 2959 120 3010 truse
132 2951 284 3010 humanae
297 2951 498 3029 investigator
514 2951 611 3024 Plato,
628 2950 680 3009 ubi
693 2949 825 3009 civitatis
837 2948 1095 3009 administrandae
1108 2951 1167 3009 for-

29 3074 97 3112 mas
121 3051 223 3112 varias
244 3073 304 3112 non
328 3073 344 3112 e
365 3072 479 3134 quercu
501 3061 531 3112 et
551 3060 653 3131 petra,
675 3053 762 3111 utin
784 3051 945 3129 proverbio
968 3061 1029 3126 est,
1052 3051 1108 3127 sed
1129 3073 1168 3112 ex

29 3155 202 3227 hominum,
232 3155 284 3234 qui
306 3153 389 3213 illam
418 3156 617 3228 constituant,
641 3153 774 3213 moribus
802 3152 891 3213 docet
913 3154 1012 3231 gigni,
1043 3153 1168 3214 aliorum

32 3258 151 3316 animos
178 3256 291 3334 regios,
323 3256 450 3315 aliorum
478 3257 668 3336 tyrannicos,
699 3257 771 3316 item
802 3255 929 3316 aliorum
951 3255 991 3314 ad
1013 3255 1168 3334 popularis

31 3357 153 3438 imperii
181 3366 234 3418 aut
264 3378 429 3437 paucorum
465 3357 678 3418 dominationis
710 3359 938 3418 similitudinem
968 3358 1168 3417 conformatos

32 3460 165 3534 iudicat,
187 3465 400 3540 ecquaenam
424 3461 517 3519 animi
539 3459 676 3520 condicio
698 3461 746 3520 cui
770 3461 886 3520 civitati
909 3458 1102 3538 respondeat,
1122 3460 1168 3536 ita

32 3561 171 3621 declarat
192 3562 364 3640 ingeniose,
389 3571 424 3621 ut
445 3561 582 3635 doleam,
605 3561 687 3642 quod
705 3561 782 3620 haec
804 3583 822 3620 a
843 3581 891 3621 me
910 3568 1027 3620 tautum
1056 3561 1169 3639 signifi·

33 3664 109 3736 cari,
145 3683 204 3722 non
233 3664 346 3742 exponi
372 3663 495 3724 uberius
521 3664 580 3723 hoc
611 3663 678 3723 loco
709 3672 842 3742 possunt.
888 3661 1057 3742 Quamnam
1094 3685 1166 3724 vero

32 3772 164 3824 mentem
187 3766 302 3842 regiam
327 3749 415 3840 dicit,
439 3786 529 3846 quam
543 3765 759 3847 tyrannicam?
778 3764 901 3846 Quippe
920 3784 1011 3846 quum
1032 3786 1086 3844 per
1108 3775 1193 3827 ter·-

32 3886 85 3926 nas
104 3867 280 3945 provincias
298 3867 429 3926 animum
452 3867 628 3944 distribuat,
650 3888 704 3946 per
723 3869 871 3927 rationem
888 3875 918 3928 et
933 3868 1005 3927 iram
1029 3877 1059 3927 et
1082 3871 1166 3950 cupi·

34 3965 174 4042 dilatem,
203 3987 282 4048 quae
309 3968 417 4047 quales
446 3969 520 4042 sint,
558 3978 699 4030 accurate
728 3968 848 4046 definit;
875 3970 1028 4050 tyrannici
1050 3973 1165 4050 ingenii

36 4087 100 4128 csse
127 4069 294 4148 praecipit,
321 4077 355 4129 ut
384 4069 534 4149 cupiditas
562 4091 629 4130 cum
656 4091 752 4152 prava
779 4071 907 4133 libidine
929 4075 1165 4151 praestantiores

36 4171 125 4229 animi
143 4169 230 4230 dotes
246 4171 366 4249 subigat
381 4172 522 4232 atrociter
535 4173 781 4253 praecipitesque
796 4174 909 4252 rapiat:
925 4173 1007 4234 unde
1022 4177 1166 4236 intestina

35 4273 168 4331 nascitur
195 4271 362 4348 discordia,
393 4273 642 4352 intemperantia,
676 4275 824 4348 amentia,
854 4276 972 4336 animus
1003 4278 1165 4358 inquietus,

35 4371 221 4447 inconstans,
243 4373 283 4433 ad
298 4373 417 4435 scelera
431 4375 588 4456 quaelibet
607 4376 763 4454 proclivis.
793 4375 902 4436 Talem
921 4376 1059 4438 videmus
1079 4379 1162 4439 indo·
1214 4391 1216 4394 '
