2800 4976
604 222 643 282 53

522 310 723 319 ..—.-.—

17 406 170 482 odum,
206 409 264 468 scd
286 409 380 468 multo
401 410 498 486 magis
519 410 549 468 in
573 411 682 470 civium
705 411 784 472 bene
808 413 1003 474 educatorem
1019 415 1189 491 honestate,

14 511 228 583 rudentia,
251 511 422 570 eruditione
443 499 559 588 positas
583 533 666 586 esse,
691 513 801 592 quibus
822 525 853 574 et
874 517 976 596 pareri
1002 517 1131 578 divitiae
1158 530 1190 580 et

14 621 101 670 rete
124 607 296 671 collocari
313 621 453 691 possent:
475 612 556 691 quod
579 634 670 692 quum
687 617 818 676 Romani
833 618 1056 695 intelligerent,
1077 641 1189 698 pueros

14 714 163 774 trascis
188 715 376 793 Latinisque
397 713 507 772 litteris
529 715 706 794 artibusque
727 717 903 778 liberalibus
921 721 965 778 ita
982 721 1188 782 instituendos

14 837 170 888 urasse,
190 825 230 874 ut
244 837 355 892 magna
376 835 466 893 seges
490 817 623 876 virorum
645 817 924 880 sollertissimorum
945 822 1094 903 variaque
1116 823 1187 883 doc-

14 919 94 976 rina
133 918 369 976 instructorum
397 919 586 997 proveniret,
610 927 702 998 atque
725 921 756 979 in
775 941 836 980 uno
859 923 954 982 milite
976 923 1045 1001 plus
1072 927 1186 1004 reperi·

14 1028 100 1078 etur
128 1019 337 1093 litterarum,
364 1039 454 1100 quarn
481 1021 512 1078 iu
540 1022 656 1079 cunetis
681 1021 864 1082 Germaniae
888 1025 1060 1100 monachis,
1085 1045 1186 1086 sacer·

14 1122 175 1194 toribus,
208 1121 358 1201 episcopis
376 1123 407 1180 in
421 1141 514 1180 unum
534 1121 681 1180 collectis,
704 1124 814 1203 Itaque
829 1124 909 1203 quod
929 1126 1089 1186 ferendum
1102 1127 1186 1188 nullo

14 1223 112 1281 nodo
143 1224 211 1296 sit,
233 1232 267 1281 ut
288 1242 337 1281 res
362 1221 487 1300 publiea
509 1224 661 1301 stipitibus
685 1224 926 1307 caudicibusque
948 1236 1071 1306 pareat,
1094 1229 1126 1286 in
1149 1249 1186 1288 ea

14 1325 227 1402 ›raesertim
250 1325 364 1384 saeculi
385 1325 548 1396 felicitate,
570 1344 631 1403 qua
648 1327 708 1384 iam
732 1329 872 1386 ellectum
895 1328 949 1402 sit,
971 1337 1004 1388 ut
1026 1327 1132 1388 decem
1156 1339 1187 1390 et

14 1437 91 1485 reto
131 1445 292 1484 annorum
320 1425 544 1485 adolescentuli
574 1426 754 1488 eruditiores
783 1428 916 1488 evadere
938 1431 1071 1509 possint,
1095 1451 1186 1510 quam

14 1531 69 1607 qui
92 1529 227 1606 viginti
244 1528 296 1587 vel
318 1526 522 1606 quadraginta
537 1549 631 1587 annos
647 1530 718 1588 olim
733 1531 764 1588 in
784 1529 946 1618 disciplina
970 1533 1185 1592 coenobiorum

15 1640 75 1689 aut
103 1629 355 1688 universitatum
379 1649 445 1687 cum
461 1649 574 1688 summo
597 1650 712 1689 morum
735 1630 914 1690 detrimento
929 1635 1184 1713 consumpserint:

15 1732 137 1790 studia
154 1731 312 1806 liberalia,
326 1740 485 1809 poetarum
500 1732 671 1803 lectionem,
690 1733 835 1792 historiae
851 1741 881 1791 et
894 1733 1066 1811 linguarum
1082 1736 1185 1812 cogni-

19 1836 173 1908 tionem,
198 1833 329 1892 Latinae
353 1833 554 1912 Graecaeque
577 1842 608 1892 et
630 1833 823 1906 Hebraioae,
852 1834 1041 1894 commendat
1064 1836 1184 1913 sapien·

20 1945 92 2006 ter,
121 1935 244 2015 quibus
265 1934 414 2011 neglectis
429 1955 490 1993 non
504 1934 592 1992 modo
608 1936 803 2012 evangelium
820 1937 917 1994 amitti
932 1956 968 1994 ac
984 1935 1184 2016 pessumdari,

26 2038 85 2096 sed
111 2058 152 2096 eo
172 2057 265 2116 posse
283 2037 452 2113 perveniri,
475 2044 508 2094 ut
522 2056 581 2094 nec
596 2037 707 2095 Latine
722 2057 823 2118 neque
841 2037 1022 2097 Germanice
1037 2038 1185 2117 loquendi

27 2159 65 2197 ac
95 2138 263 2197 scribendi
290 2138 421 2196 facultas
449 2138 589 2215 supersit.
635 2136 726 2214 Quod
747 2139 805 2196 viri
826 2137 1183 2215 providentissimiiudi-

31 2242 117 2298 cium
151 2239 335 2318 aequalibus
358 2239 468 2298 nostris
490 2240 520 2298 in
545 2239 720 2297 memoriam
744 2239 881 2298 revocari
904 2259 940 2298 eo
960 2242 1055 2318 magis
1076 2261 1183 2301 neces·

31 2344 155 2401 sarium
175 2342 313 2415 videtur,
336 2362 395 2420 quo
417 2341 521 2419 plures
538 2350 642 2399 nostra
665 2348 766 2400 aetate
789 2349 872 2413 sunt,
897 2343 950 2419 qui
972 2343 1113 2423 antiquas
1134 2342 1184 2402 lit·

34 2453 119 2502 teras
148 2453 205 2502 aut
225 2444 384 2520 negligant
411 2451 464 2501 aut
490 2451 699 2513 contemnant,
722 2441 965 2521 necquidquam
986 2452 1095 2522 putent
1117 2465 1184 2504 esse

36 2546 195 2622 ineptius,
224 2565 314 2624 quam
341 2545 435 2622 siquis
464 2545 574 2603 Latino
599 2542 651 2602 vel
674 2542 756 2602 dicat
779 2544 829 2602 vel
852 2543 975 2604 scribat.
1019 2545 1184 2604 Enimvero

38 2667 135 2724 quum
159 2647 328 2717 Luthorns,
355 2645 441 2703 homo
465 2638 539 2704 vere
568 2644 755 2716 Germanus,
785 2645 843 2704 sibi
869 2646 942 2703 istos
974 2645 1092 2704 omnino
1121 2667 1184 2706 non

40 2749 166 2824 probari
186 2749 297 2806 diserte
313 2748 502 2826 pronuntiet,
525 2749 577 2827 qui
597 2747 650 2804 uni
670 2753 786 2805 tantum
809 2747 934 2824 linguae
951 2754 1097 2806 censeant
1112 2769 1183 2825 ope-

42 2871 105 2908 ram
123 2849 275 2909 dandam:
301 2850 332 2906 in
348 2848 406 2906 hoc
424 2848 579 2907 saeculum
594 2868 702 2907 vereor
722 2868 761 2906 ne
784 2847 921 2906 eiusdem
940 2849 998 2906 viri
1014 2849 1108 2908 verbe
1129 2850 1184 2908 illa

46 2953 226 3028 gravissima
251 2951 339 3008 brevi
364 2971 471 3008 casura
496 2952 571 3023 sint,
598 2949 844 3028 quandoquidem
866 2951 994 3009 Latinus
1016 2971 1114 3010 sermo
1136 2951 1184 3010 his

46 3055 75 3112 in
97 3055 190 3114 terris
217 3054 275 3112 iarn
297 3073 378 3110 nunc
400 3050 443 3110 ita
466 3051 644 3122 obsolescit,
667 3058 701 3108 ut
722 3072 817 3130 prope
841 3051 880 3109 ad
904 3050 1075 3111 barbariem
1096 3053 1182 3111 incli-

49 3158 112 3214 nari
134 3177 245 3215 aevum
266 3154 416 3214 videatur.
463 3153 525 3212 Sed
546 3161 580 3211 ut
600 3160 737 3211 revertar
757 3173 807 3224 eo,
825 3152 906 3211 undo
928 3152 1082 3230 digressus
1106 3175 1180 3227 sum,

50 3260 189 3334 quoniam
210 3277 309 3315 rernm
333 3277 485 3314 sacrarum
512 3254 698 3313 correctione
719 3253 887 3326 acciderat,
910 3262 944 3311 ut
969 3253 1183 3312 coenobiorum

53 3359 86 3416 ah
108 3361 163 3431 iis,
186 3361 238 3438 qui
260 3359 301 3417 ibi
318 3359 486 3432 latuerant,
507 3356 683 3414 relictorum
700 3357 865 3414 immensae
886 3375 959 3432 opes
978 3356 1043 3412 sine
1063 3353 1182 3412 domino

54 3470 163 3534 essent,
183 3481 223 3519 ne
245 3469 348 3518 tantae
372 3461 478 3537 copiae
500 3459 617 3536 piorum
631 3457 783 3515 hominum
797 3457 986 3533 benignitate
1006 3455 1078 3514 olim
1099 3455 1182 3532 lega·

56 3569 99 3619 tae
126 3584 144 3621 a
165 3561 353 3640 principibus
381 3559 649 3640 optimatibusque,
671 3560 724 3636 qui
748 3577 800 3617 eas
824 3556 1025 3636 appetebant,
1055 3555 1182 3634 dissipa·

55 3673 166 3736 rentur,
195 3665 292 3742 iisque
322 3662 549 3735 addicerentur,
578 3660 617 3718 ad
639 3681 714 3738 quos
736 3661 859 3718 minimo
883 3658 1086 3736 pertinerent:
1123 3657 1183 3716 Lu-

58 3764 150 3824 therus
176 3765 288 3836 voluit,
318 3773 352 3822 ut
374 3764 483 3843 partim
500 3763 666 3841 ¹egentibus
692 3759 856 3818 heredibus
886 3779 1003 3829 eorum,
1035 3759 1087 3838 qui
1114 3758 1183 3817 illas

59 3863 250 3938 donaverant,
277 3867 523 3938 restituerentur,
545 3865 655 3942 partim
684 3861 806 3939 inopiae
831 3859 941 3917 civium
963 3859 1183 3933 sublevandae,

61 3970 156 4043 partim
179 3969 274 4026 sacris
300 3965 548 4024 administrandis
572 3973 602 4022 et
626 3963 791 4040 praecipue
815 3960 927 4018 scholis
951 3960 1117 4020 condendis
1138 3963 1183 4019 in·

63 4070 262 4146 struendisquo
288 4068 527 4127 destinarentur:
550 4085 608 4144 quo
630 4063 708 4121 nihil
729 4063 856 4140 aequius
875 4081 975 4141 nequo
991 4062 1096 4120 utilius
1118 4058 1185 4119 fieri

63 4179 176 4244 poterat.
223 4169 280 4228 Cui
308 4169 435 4226 consilio
464 4169 489 4227 si
516 4165 654 4225 omnihus
685 4171 715 4222 et
736 4163 811 4221 locis
841 4172 871 4221 et
893 4162 1076 4240 temporibus
1105 4171 1187 4221 esset

65 4271 193 4350 religiose
215 4271 470 4348 obtemperatum,
493 4272 554 4326 nort
571 4275 633 4325 tam
652 4264 766 4324 multae
789 4263 910 4322 scholae
929 4271 1014 4322 tanta
1035 4262 1186 4320 tenuitate
