2800 4976
515 240 716 334 -.Ρ-’ω

10 443 110 494 etus
144 432 240 492 futuri
267 432 342 506 sint,
369 431 502 509 perspici
528 431 614 488 initio
635 437 784 508 nequeat,
813 448 849 487 ac
870 427 962 504 longo
988 425 1108 486 demum
1129 443 1185 486 usn

10 545 54 593 et
88 534 307 613 experientia,
330 553 424 611 saepe
447 533 538 591 etiam
562 551 634 591 casu
655 532 833 610 reperiatur.
861 530 905 588 At
928 531 954 588 si
975 529 1086 606 vulgus
1105 528 1185 587 litte-

10 659 152 696 rarum
173 637 392 714 praestantiam
413 635 471 694 isto
492 633 615 693 modulo
635 635 770 694 metitur:
797 631 879 712 qnod
899 631 959 690 iam
974 631 1098 690 Thaleti
1118 631 1185 708 phi-

10 739 205 818 losophiae
228 739 345 796 auctori
367 735 516 796 accidisse
536 735 690 815 proditur,
713 736 761 795 cui
779 735 999 794 infructuosum
1016 732 1186 811 sapientiae

10 840 184 900 studium
204 839 418 919 exprobratum
433 846 494 912 est,
517 836 615 897 donec
636 837 765 896 officinis
784 837 904 896 oleariis
924 832 1091 906 conductis,
1112 833 1186 912 quid

12 963 71 1000 ex
113 950 246 1000 naturae
276 940 448 1017 cognitione
475 939 582 998 lucelli
615 940 712 1017 possit
740 931 883 1019 percipi,¹
903 945 1079 1014 argumento
1114 955 1186 995 sane

13 1065 141 1124 quam
160 1043 316 1102 luculento
338 1041 561 1121 comprobaret:
583 1041 642 1100 hoc
664 1041 786 1122 quidem
806 1040 898 1098 facile
918 1039 1064 1112 feremus,
1085 1059 1186 1118 neque

13 1145 62 1203 id
110 1144 198 1224 quod
224 1145 360 1224 iniquum
386 1153 432 1203 est
453 1143 688 1221 postulabimus,
713 1152 747 1202 ut
773 1143 912 1201 homines
938 1142 1068 1220 imperiti
1095 1141 1186 1201 dere

16 1247 103 1306 sibi
132 1247 236 1306 aliena
262 1251 410 1304 accurate
429 1244 581 1322 iudicent3
605 1245 678 1324 qnid
698 1253 799 1304 autem
820 1244 971 1317 dicemus,
996 1244 1022 1302 si
1045 1245 1097 1322 qui
1120 1264 1184 1302 eru·

17 1349 181 1407 ditonum
209 1367 320 1406 nornen
347 1356 508 1426 usurpant,
535 1347 561 1406 si
582 1367 681 1406 rerum
702 1346 891 1425 publicarum
912 1344 1069 1423 praesides
1090 1355 1121 1405 et
1140 1366 1187 1404 re-

20 1459 166 1521 ctores,
194 1449 246 1528 qui
271 1449 421 1508 humanae
452 1457 580 1507 naturae
607 1450 689 1508 vires
716 1449 876 1508 universas
906 1467 1066 1526 rerumque
1093 1467 1188 1527 prope

20 1552 185 1610 omnium
206 1551 282 1608 fines
305 1549 418 1610 habere
440 1559 617 1629 perspectos
641 1549 767 1624 debent,
790 1550 828 1610 de
851 1549 959 1608 litteris
982 1558 1043 1607 tarn
1066 1549 1188 1620 sordide

23 1649 208 1712 statuunt?
246 1651 365 1729 Quibus
388 1651 464 1710 nihil
487 1653 602 1729 aptius,
624 1660 659 1710 ut
678 1651 752 1710 mihi
771 1650 907 1725 videtur,
930 1652 1059 1730 proponi
1077 1660 1187 1729 potest,

28 1776 142 1834 quam
163 1754 354 1812 notissimum
373 1753 496 1834 quidem
517 1753 610 1828 illud,
633 1752 688 1812 sed
709 1753 915 1830 nihilomagis
933 1752 1187 1812 contemnendum

29 1853 247 1914 Archimedis
267 1856 473 1915 mathematici
498 1855 681 1935 exemplum.
725 1856 849 1914 Etenim
871 1875 963 1935 quum
984 1855 1134 1930 Eudoxus
1158 1865 1188 1915 et

29 1958 207 2038 Archytas
222 1957 412 2034 Pythagorei
426 1957 636 2018 mechanicam
651 1956 866 2016 mathematum
888 1956 1188 2016 demonstrandorurn

30 2061 129 2118 viam
162 2058 303 2134 inissent,
335 2059 592 2139 mechanicesque
624 2060 718 2138 ipsius
750 2059 946 2118 inchoassent
973 2058 1186 2118 fundamenta:

30 2170 213 2241 postquam
227 2161 351 2238 indigne
370 2161 473 2220 ferens
491 2161 580 2220 Plato
602 2182 653 2221 eos
673 2161 871 2238 vituperavit,
888 2159 970 2240 quod
992 2162 1187 2238 geometriam

32 2284 55 2320 a
88 2263 179 2341 puris
212 2262 386 2322 intellectus
413 2262 587 2322 notionibus
616 2262 778 2322 abductam
808 2260 847 2320 ad
873 2282 1037 2342 corporeae
1060 2272 1187 2321 naturae

32 2365 185 2423 rationes
211 2372 241 2423 et
269 2364 421 2424 illiberale
451 2365 603 2443 opificium
630 2373 858 2438 converterent,
885 2365 1065 2424 mechanica
1093 2385 1141 2424 ars
1170 2385 1188 2423 a

35 2466 218 2544 geometria
247 2475 278 2524 ot
301 2467 495 2547 philosophia
519 2467 657 2525 seiuncta
680 2475 739 2541 est,
763 2476 793 2526 et
813 2467 995 2526 militaribus
1018 2467 1188 2547 disciplinis

37 2567 173 2626 addita:
196 2587 255 2626 nec
275 2569 327 2648 qui
348 2569 579 2628 mathematicus
601 2567 709 2627 haberi
731 2569 841 2643 vellet,
867 2569 1054 2628 mechanicis
1079 2569 1185 2628 inven-

37 2674 84 2728 tis
109 2669 162 2727 vel
177 2669 344 2730 utilissimis
366 2671 560 2752 maximeque
578 2669 724 2729 mirandis
744 2671 899 2730 excellere
917 2691 1007 2750 posse
1022 2671 1186 2731 arbitratus

40 2779 106 2830 est.
154 2771 347 2850 Quapropter
367 2771 584 2846 Archimedes,
607 2773 660 2851 qui
680 2773 735 2832 illa
756 2781 822 2831 arte
843 2781 1002 2852 tantopere
1025 2774 1185 2852 praestitit,

37 2883 77 2932 ut
105 2881 219 2931 terram
244 2895 277 2934 se
306 2895 428 2934 movere
452 2894 542 2954 posse
568 2873 698 2950 diceret,
726 2876 751 2934 si
781 2875 843 2934 alia
866 2875 925 2952 ipsi
945 2884 1042 2949 terra,
1069 2876 1100 2933 in
1125 2897 1185 2956 qua

39 2975 245 3050 consisteret,
270 2975 406 3050 daretur,
428 2996 529 3057 neque
549 2976 645 3034 solum
664 2976 739 3034 talia
761 2959 902 3050 iactavit,
926 2976 980 3036 sed
1002 2979 1033 3036 in
1053 2976 1184 3058 Syracu—

40 3097 151 3136 sarum
173 3079 399 3156 oppugnatione
422 3079 603 3138 Marccllum
627 3086 658 3138 et
679 3080 781 3158 copias
804 3077 1007 3139 validissimas
1029 3081 1184 3140 machina·

39 3201 113 3238 rum
136 3186 412 3261 tormentorumque
432 3181 463 3239 vi
481 3182 568 3260 quasi
588 3180 776 3240 centimanus
791 3181 935 3241 Briareus
951 3182 1002 3241 vel
1017 3183 1183 3264 Typhoeus

42 3302 83 3340 ac
111 3301 205 3360 supra
230 3282 378 3342 humanas
401 3283 481 3341 vires
503 3283 622 3362 pollens
642 3283 829 3362 profligavit3
855 3293 957 3343 tamen
976 3285 1186 3345 instrumentis

42 3385 110 3442 suis
131 3403 193 3442 non
210 3385 337 3444 multum
356 3385 474 3458 tribuit,
498 3384 553 3444 sed
575 3385 653 3444 haec
674 3385 738 3444 fere
754 3385 939 3444 ludibundus
956 3387 1033 3464 egit,
1054 3387 1182 3446 Hieroni

42 3486 114 3562 regi
138 3485 377 3563 gratificaturus,
405 3487 457 3566 qui
479 3507 546 3545 eum
568 3496 745 3564 rogaverat,
773 3496 806 3546 ut
829 3488 976 3546 scientiae
1000 3487 1182 3548 documenta

44 3586 86 3645 ad
114 3586 213 3664 plebis
242 3597 362 3666 captum
384 3587 609 3648 accommodata
636 3598 802 3668 promeret:
826 3609 923 3668 eaque
942 3588 1127 3650 liberalitate
1151 3603 1181 3651 ct

45 3690 140 3747 animi
161 3689 387 3765 magnificentia
408 3690 480 3766 fuit,
503 3699 537 3750 ut
559 3691 669 3770 quibus
689 3691 780 3751 rebus
798 3692 968 3771 sapientiae
990 3713 1050 3750 non
1071 3703 1180 3753 morta-

44 3791 100 3864 lis,
125 3789 181 3850 sed
202 3811 324 3870 prorsus
347 3790 470 3852 divinae
492 3792 604 3852 famam
625 3791 755 3873 adeptus
774 3801 833 3868 est,
862 3813 914 3853 eas
936 3814 998 3852 non
1018 3796 1181 3856 sustineret

46 3891 156 3969 dignas
178 3891 306 3966 habere,
328 3913 403 3972 quas
425 3895 545 3972 scriptis
565 3893 736 3968 mandaret,
759 3895 815 3955 sed
836 3897 868 3954 in
888 3897 1052 3976 perspicua
1068 3900 1179 3964 etele-

47 3994 131 4070 ganti
165 3993 384 4053 theorematum
419 3996 625 4075 explicatione
653 3995 776 4056 laudern
805 4000 1002 4077 praecipuam
1038 4009 1068 4059 et
1098 4001 1179 4078 apud

46 4105 185 4172 posteros
211 4097 386 4156 memoriam
413 4106 584 4176 quaereret.
627 4098 724 4176 Igitur
749 4121 810 4158 non
839 4101 957 4178 lupum,
984 4121 1044 4159 non
1065 4122 1179 4179 gruem,

47 4217 106 4255 non
127 4198 292 4275 scorpium,
311 4217 373 4257 non
390 4199 484 4258 ullam
503 4200 674 4258 machinam
691 4209 926 4279 tormentumve,
946 4201 1001 4263 sed
1018 4203 1179 4280 sphaeram

49 4319 113 4358 eum
136 4297 276 4378 cylindro
299 4299 413 4358 tumulo
434 4301 564 4381 insculpi
587 4303 683 4361 iussit.

129 4399 193 4462 Sed
212 4409 387 4482 postquam,
409 4403 518 4482 quibus
541 4403 572 4461 in
591 4403 682 4462 rebus
703 4424 740 4462 ea
762 4403 965 4463 doctrinarum
985 4405 1117 4480 utilitas,
1140 4405 1179 4466 ob
