2800 4976
22 447 216 506 llbertinam
238 445 402 506 Velaviam
425 445 646 520 transferendi,
673 445 802 526 posthac
824 447 975 508 abiectum
998 457 1054 508 est.
1098 447 1163 510 Sed

22 551 138 608 nirifici
162 550 247 608 illius
270 549 301 606 in
320 549 440 607 litteras
462 547 576 607 favoris
599 547 763 626 optandum
785 558 867 610 esset
881 549 1013 610 Alberto
1034 553 1163 630 gratiam

22 653 179 710 neliorem
207 651 335 710 relatam
362 650 473 722 fuisse,
506 671 597 730 quam
624 651 739 709 laetum
769 659 833 710 tum
861 653 1038 730 reperimus.
1082 654 1162 714 Nam

22 755 87 812 iris
121 753 336 829 theologorum
364 753 506 829 princeps
534 753 603 831 pius
631 751 817 830 angebatur,
845 752 990 814 Osiendri
1020 757 1161 833 maxime,

22 855 140 914 [oannis
170 855 316 928 Funccii,
352 852 503 912 Friderici
531 851 687 933 staphyli,
721 855 868 916 Ioacbimi
898 856 1037 916 Morlini:
1069 879 1161 937 quum

22 957 122 1030 alteri,
154 956 309 1034 ingeniosi
332 975 406 1014 sane
434 974 536 1035 neque
564 955 680 1014 indocti
701 957 775 1030 viri,
804 957 988 1034 theologiam
1010 958 1161 1022 Aristote-

22 1059 104 1116 ieam
130 1057 270 1116 liuthero
300 1065 330 1115 et
351 1056 581 1116 Melanchthoni
607 1057 842 1136 exprobrantes,
867 1057 958 1118 fidem
986 1079 1161 1139 germanam

22 1159 256 1219 bonaventurae
284 1167 315 1217 et
334 1158 403 1216 Pici
423 1157 631 1218 Mirandulani
652 1160 783 1240 aliisque
810 1160 931 1238 placitis
959 1165 1094 1243 mysticis
1113 1165 1159 1224 fu·

22 1271 139 1338 carent,
163 1261 253 1320 alteri
275 1259 403 1318 Luthcri
424 1259 560 1318 formulis
581 1261 734 1320 serviliter
755 1259 884 1336 addicti,
903 1263 1040 1343 quisquis
1062 1266 1101 1325 ab
1124 1287 1160 1327 eo

22 1362 63 1419 vel
89 1370 303 1422 transversum
332 1361 458 1440 digitum
479 1363 675 1436 recessisset,
704 1364 935 1442 pronuntiarent
955 1365 1158 1427 haereticum:

22 1465 140 1542 utrique
167 1464 309 1541 litigiosi,
337 1462 490 1536 iracundi,
519 1485 538 1522 a
565 1463 693 1524 lenitate
716 1463 890 1523 Christiana
911 1473 942 1524 et
963 1466 1002 1526 ab
1022 1467 1160 1538 humanis

22 1573 76 1624 tate
101 1585 140 1624 eo
167 1585 265 1646 usque
293 1566 402 1638 alieni,
430 1574 547 1624 utnon
569 1565 667 1624 solum
687 1567 834 1625 acerrimo
854 1565 957 1626 verbis
978 1581 1158 1648 pugnarent,

22 1685 122 1724 verum
144 1667 237 1726 etiam
257 1687 319 1727 non
339 1667 465 1725 multum
483 1665 620 1742 abesset,
643 1668 717 1746 quin
737 1668 827 1727 armis
852 1666 1107 1748 digladiarentur,
1129 1682 1159 1731 et

23 1787 143 1844 prorsus
176 1769 209 1828 in
237 1768 370 1828 furorem
397 1767 533 1846 prolapsi
560 1767 644 1826 nulla
673 1788 707 1828 re
734 1789 846 1829 numen
877 1769 1012 1829 divinum
1042 1771 1159 1849 placari

25 1869 140 1949 sibique
162 1869 328 1948 benignum
353 1869 443 1929 reddi
472 1889 509 1926 ac
530 1870 694 1948 puritatem
720 1871 877 1948 religionis
900 1875 1075 1932 conservari
1096 1895 1157 1934 me·

25 1968 72 2030 lius
94 1991 189 2050 posse
213 1971 454 2046 arbitrabantur,
473 1970 618 2048 quamde
639 1972 798 2032 vocabulis
822 1972 981 2047 certando,
1006 1977 1158 2054 quaestio-

26 2091 70 2132 nes
104 2073 234 2132 subtiles
265 2072 428 2151 agitando,
462 2072 637 2132 criminibus
669 2074 836 2152 fingendis,
872 2074 1056 2134 adversariis
1087 2097 1157 2136 con-

28 2171 199 2234 demnandis
224 2183 254 2234 et
275 2174 391 2233 invidia
412 2174 480 2253 plus
501 2193 592 2252 quam
607 2173 764 2254 pontificia
778 2175 1011 2256 persequendis.
1046 2177 1157 2259 Itaque

31 2276 208 2334 eruditorum
235 2276 288 2334 alii
316 2276 397 2353 pulsi
424 2283 510 2348 sunt,
539 2275 592 2334 alii
618 2285 724 2356 sponte
751 2274 972 2352 discesserunt;
996 2278 1068 2336 Dux
1091 2280 1157 2358 ipse

30 2375 187 2436 insolenter
211 2385 413 2454 contemptus,
444 2376 631 2435 contumeliis
654 2377 797 2452 affectus,
820 2380 851 2437 in
874 2380 1074 2457 suspicionem
1094 2389 1157 2439 tum

31 2479 100 2554 apud
125 2499 195 2538 suos
218 2487 280 2537 tum
305 2477 386 2557 apud
409 2487 531 2537 exteros
552 2488 690 2537 vocatus:
714 2489 868 2557 postremo
890 2479 1018 2538 discidia
1041 2482 1156 2560 opinio-

31 2598 88 2639 num
109 2583 142 2639 in
160 2579 327 2640 discordias
351 2580 457 2639 civiles
478 2581 677 2655 transierunt,
700 2580 783 2639 haud
801 2583 867 2641 sine
888 2582 979 2659 culpa
1000 2584 1156 2661 principis,

33 2681 165 2756 quidum
192 2681 288 2741 turbis
313 2682 522 2759 theologorum
544 2683 741 2755 immiscetur,
768 2680 837 2740 dum
858 2691 961 2760 partes
983 2703 1064 2743 nunc
1086 2704 1156 2743 con·
1219 2730 1222 2736 .

35 2781 126 2844 ciliane
141 2793 184 2844 et
206 2785 427 2844 controversias
452 2803 634 2862 componere
659 2780 773 2858 studet,
803 2805 884 2843 nunc
904 2785 936 2842 in
961 2784 1155 2844 refractarios

36 2885 249 2959 animadvertit,
278 2887 392 2945 animos
421 2895 584 2944 commotos
611 2885 871 2964 benignitatisque
895 2886 1023 2964 perinde
1051 2907 1088 2946 ac
1109 2907 1154 2946 se-

37 2988 161 3046 veritatis
183 2989 376 3065 impatientes
398 2988 494 3064 magis
518 2985 735 3046 excandefecit
756 2995 788 3045 et
809 2989 1014 3064 exasperavit.
1038 2987 1155 3066 Quodsi

39 3090 91 3146 aevi
120 3089 200 3147 illins
225 3090 341 3167 pietas,
363 3095 485 3147 nostrae
507 3089 686 3166 praesertim
708 3086 884 3146 lentitudini
906 3090 1086 3168 composita,
1108 3110 1154 3150 re·

40 3191 160 3248 v'erentia
179 3209 293 3248 summa
307 3189 523 3267 prosequenda
543 3187 681 3261 videtur⁷
705 3208 783 3268 quac
805 3207 869 3247 rem
890 3189 1024 3248 divinam
1047 3191 1156 3250 ceteris

41 3289 112 3350 rebus
133 3291 269 3349 omnibus
292 3292 513 3369 anteposuerit,
537 3298 568 3348 et
591 3290 785 3349 contentione
805 3311 919 3350 summa
940 3293 1030 3350 otiam
1046 3291 1153 3352 adver·

42 3406 79 3448 sne
104 3392 320 3451 dominantium
354 3393 564 3451 auctoritatem
591 3392 630 3450 sit
656 3399 826 3452 sustentare
854 3412 943 3450 ausa:
978 3400 1080 3451 tamen
1108 3402 1156 3452 est

44 3493 103 3566 qnod
126 3494 218 3552 aetati
238 3501 361 3553 nostrae
383 3493 568 3573 gratulemur
583 3492 726 3552 molestas
747 3491 917 3551 istiusmodi
935 3491 1155 3571 disputationes

45 3597 156 3654 asacris
177 3596 287 3654 litteris
308 3603 456 3668 semotas,
480 3603 597 3654 mentes
618 3593 674 3652 illa
694 3593 850 3652 anxietate
872 3601 903 3652 et
923 3593 1045 3652 tristitia
1068 3614 1154 3653 exso·

44 3688 117 3770 lntas,
138 3696 374 3775 rempublicam
396 3717 414 3753 a
436 3695 524 3755 malis
546 3694 617 3753 inde
634 3693 825 3753 manantibus
847 3693 1016 3754 liberatam.

109 3795 168 3857 Sed
193 3817 305 3856 revoco
327 3816 375 3854 me
403 3817 422 3854 a
444 3797 699 3875 contemplatione
721 3795 794 3866 viri,
822 3795 888 3874 qui,
909 3803 942 3853 ut
963 3815 1031 3855 mea
1052 3795 1155 3875 opinio

48 3889 102 3968 fert,
121 3897 320 3974 principatum
343 3896 488 3956 divinitus
511 3896 653 3976 adeptus,
676 3917 740 3956 rem
758 3897 1049 3974 praestantissimam
1069 3905 1154 3956 tanta

49 3993 172 4071 sollertia,
202 4006 288 4056 tanta
315 3999 448 4076 pietate,
480 3999 579 4056 animo
606 4007 668 4056 tam
698 3997 841 4075 simplici,
870 4005 931 4056 tam
962 3999 1080 4057 sincero
1110 3999 1153 4056 in·

50 4091 146 4157 clroavit
164 4117 199 4156 ac
220 4099 367 4176 perfecit,
392 4108 425 4157 ut
439 4098 587 4157 bonorum
605 4100 735 4158 omnium
754 4097 846 4158 laude
868 4119 904 4156 ac
926 4097 1154 4175 praedicatione

51 4191 77 4250 sit
93 4218 235 4278 nunquam
254 4219 315 4258 non
339 4198 596 4258 condecorandus.
640 4198 743 4258 Hodie
766 4198 890 4277 quidem
910 4199 970 4256 iam
992 4198 1068 4256 nihil
1089 4198 1154 4257 fere

51 4308 161 4371 superest
180 4301 273 4378 prisci
295 4308 325 4358 et
348 4301 460 4376 integri
483 4300 586 4374 morie,
610 4301 662 4378 qui
685 4299 838 4359 saeculum
860 4297 937 4356 illud
961 4299 1153 4357 consideran·

52 4397 94 4453 len
111 4400 236 4460 oblectat
264 4409 294 4458 et
320 4408 416 4459 tenet:
447 4409 565 4477 tempus
586 4419 685 4458 rerum
710 4420 804 4490 prope
826 4400 954 4458 omnium
975 4399 1101 4458 formam
1124 4406 1155 4456 et

911 4497 954 4556 3*
