2810 4974
798 311 814 316 -.
829 225 877 316 ,⁵3

291 415 473 476 laborarent.
517 411 554 472 Id
578 433 650 472 vero
672 411 861 472 Fridericnm
884 410 1105 486 Guilelmunr,
1138 411 1309 490 Princip

290 537 386 590 mum,
407 516 577 594 nuperrimo
598 515 724 589 fecisse,
747 533 807 573 non
827 515 893 574 sino
914 513 1035 572 laetitia
1062 533 1312 572 commemor

373 617 417 678 At
439 638 479 678 ne
503 618 552 676 cui
580 616 704 676 nimium
732 635 824 692 agere
854 613 1047 674 laudatorem
1073 613 1249 688 videar,
1285 638 1309 674 rr

290 740 370 802 quae
387 720 468 780 mala
491 738 531 778 ex
559 717 611 778 ilio
635 725 716 776 motu
737 724 806 796 post
828 715 995 775 Lutherum
1019 735 1267 775 communem
1299 737 1312 796 1

288 821 433 882 raserint.
476 820 558 880 Vere
579 819 701 898 loquar,
728 817 892 878 auditores.
937 815 1134 876 Discidium
1169 819 1312 897 opinior

289 923 438 983 bellorum
460 921 714 982 atrocissimorum
733 919 805 994 fuit,
828 919 939 998 quibus
962 917 1153 978 Germania
1179 921 1312 980 univer

289 1033 349 1098 est,
373 1024 495 1084 litterae
516 1025 601 1100 ipsae
622 1041 732 1080 recens
752 1029 844 1080 natae
863 1020 998 1098 graviter
1019 1019 1184 1080 afflictae
1214 1031 1303 1080 sunt

289 1135 336 1186 tes
364 1135 395 1185 et
421 1125 599 1184 inimicitiae
628 1123 706 1182 inter
731 1123 815 1182 cives
844 1122 932 1180 unius
960 1121 1005 1180 rei
1028 1121 1224 1199 publicae,
1259 1143 1307 1182 un

289 1225 393 1306 oppidi
413 1233 554 1286 exortae:
586 1223 727 1282 damnum
749 1221 949 1302 irreparabile
972 1223 1108 1300 imperio
1135 1221 1312 1282 Germano

288 1339 367 1402 turn,
394 1329 446 1408 qui
469 1325 579 1386 exilio
605 1335 741 1404 tempore
763 1342 918 1403 nunquam
947 1323 1012 1384 fere
1035 1323 1152 1384 solida
1178 1325 1250 1384 fide
1278 1327 1312 1385 in

289 1451 354 1490 sum
382 1429 576 1488 coaluerunt:
607 1425 915 1486 exterisnationibus
941 1445 995 1485 seu
1016 1425 1171 1486 hostibus
1196 1427 1272 1486 sive
1297 1449 1312 1504 p

292 1531 445 1590 amicitiae
472 1538 554 1589 terra
580 1537 684 1587 nostra
709 1526 844 1608 praedae
868 1525 949 1586 data.
994 1525 1060 1586 Sed
1085 1527 1143 1586 ubi
1173 1548 1286 1588 rerum

289 1635 353 1693 sine
377 1634 422 1691 ira
445 1639 475 1691 et
497 1609 597 1690 studio
621 1628 814 1708 expenderis,
836 1629 947 1689 nonin
969 1629 1102 1688 Luthori
1126 1637 1312 1690 sectatores

291 1736 451 1806 eoniicies,
482 1733 534 1813 qni
558 1731 675 1790 nullum
702 1731 733 1790 in
761 1729 914 1790 discordia
937 1730 1021 1790 civili
1045 1731 1248 1790 commodum
1273 1733 1312 1793 he

288 1835 344 1897 sed
372 1838 403 1894 in
424 1833 605 1894 Pontificum
635 1841 665 1892 et
690 1833 910 1910 Imperatorum
936 1833 1156 1911 pertinaciam,
1186 1855 1304 1893 novam

288 1958 358 1996 nam
377 1937 458 1994 forro
482 1943 513 1994 et
534 1935 598 2012 igni
618 1933 754 1994 funditus
777 1935 946 2012 exstirpare
960 1933 1080 1994 nefario
1104 1943 1219 1994 conatu
1234 1938 1311 1994 moli

286 2039 338 2097 Illi
359 2059 413 2116 pro
436 2056 489 2096 ara
508 2045 538 2094 et
556 2036 634 2095 focis
651 2035 844 2113 pugnabant:
865 2035 911 2094 his
933 2055 1196 2113 supervacaneum
1221 2047 1287 2096 erat
1310 2109 1312 2118 Α

287 2139 348 2198 mia
369 2139 507 2217 potentia
530 2136 683 2198 dimicare.
728 2137 779 2195 Illi
803 2157 932 2218 aequam
960 2135 1099 2196 omnibus
1126 2137 1299 2198 libertatem

287 2240 408 2299 labant:
431 2240 464 2299 hi
485 2239 563 2298 nihil
582 2237 620 2297 de
646 2239 842 2318 iniquissimis
866 2237 1093 2298 condicionibus
1113 2241 1312 2302 remittebant

287 2342 349 2400 nim
371 2360 553 2420 quamquam
577 2341 662 2398 initio
677 2339 832 2400 turbarum
852 2341 919 2418 ipse
940 2341 1020 2414 Leo,
1042 2361 1102 2420 qua
1122 2342 1178 2400 fuit
1195 2342 1312 2404 lenitate

286 2443 405 2502 theram
425 2443 517 2502 etiam
538 2441 734 2516 laudaverat,
756 2449 863 2519 postea
883 2463 987 2502 omnes
1003 2442 1088 2502 huius
1108 2451 1206 2502 sectae
1225 2465 1312 2522 prose

286 2553 357 2603 runt
387 2553 417 2604 et
447 2544 519 2604 diris
546 2544 746 2605 acerbissimis
770 2545 922 2602 exsecrati
949 2553 1033 2603 suut:
1061 2565 1114 2604 uec
1135 2545 1203 2624 quid
1225 2555 1312 2627 temp<

287 2644 420 2706 dandum
449 2653 545 2719 esset,
583 2648 656 2727 quid
685 2666 783 2706 novus
815 2647 1004 2722 ingeniorum
1033 2647 1144 2706 habitus
1169 2649 1311 2725 postulare

286 2748 418 2806 animum
445 2746 641 2820 inducentes,
670 2747 837 2806 Germanos
862 2767 950 2820 vero,
977 2768 1052 2826 quos
1071 2749 1137 2806 Itali
1162 2757 1229 2823 tum,
1250 2760 1312 2812 utn

287 2847 385 2923 Galli,
412 2849 578 2907 bestiarum
600 2848 667 2907 loco
689 2847 858 2922 habebant,
891 2857 1123 2924 contemnentes,
1149 2853 1312 2914 resisteres

285 2950 409 3008 humani
432 2953 547 3023 cursui,
569 2958 600 3008 et
621 2950 653 3007 vi
674 2957 866 3028 prosternere
888 2950 1058 3012 obnitentes
1079 2954 1278 3016 constituerunt.

286 3052 336 3109 isti
355 3071 538 3130 magnopere
558 3051 718 3126 falluntur,
742 3053 794 3131 qui
816 3073 962 3112 novarum
982 3073 1076 3113 rerum
1089 3055 1212 3134 impetum
1231 3060 1312 3138 suppl

287 3161 339 3210 aut
360 3151 540 3212 obiiciendis
563 3152 728 3212 obstaculis
752 3153 936 3214 eludendum
960 3163 1078 3232 putant:
1102 3157 1218 3217 mollibus
1239 3180 1312 3220 consu

285 3255 383 3331 magis
406 3247 564 3314 retinetur.
608 3256 675 3314 Hoe
704 3256 792 3314 docet
816 3257 956 3329 historia,
982 3258 1085 3334 optima
1103 3257 1254 3337 prudentiae
1275 3264 1312 3320 eir

285 3357 430 3433 magistra
448 3365 478 3414 et
501 3365 588 3418 vates
608 3357 759 3430 veridica,
782 3358 870 3417 modo
893 3379 932 3418 ue
955 3360 998 3433 ei,
1027 3370 1058 3418 ut
1076 3360 1166 3439 Apollo
1186 3359 1312 3422 Cassandr

284 3456 380 3516 libido
408 3466 438 3516 et
467 3459 617 3538 cupiditas
646 3459 799 3518 hominum
824 3459 916 3520 fidem
948 3459 1056 3520 demat.
1091 3461 1142 3522 Sed
1159 3462 1220 3522 baec
1239 3474 1312 3524 tum,

286 3569 356 3618 acta
377 3579 458 3618 nune
480 3561 592 3619 frustra
608 3570 654 3620 est
674 3561 814 3620 muliebri
832 3562 1046 3621 lamentatione
1061 3563 1200 3641 deplorare,
1219 3587 1299 3646 neque

285 3661 333 3733 iis,
357 3662 410 3738 qui
422 3660 711 3740 Brandenburgicae
732 3662 833 3722 domui
845 3672 962 3742 parent,
979 3667 1112 3741 convenit,
1132 3666 1197 3725 cirins
1205 3688 1262 3746 pars
1273 3670 1312 3727 bar

285 3763 399 3839 exigua
421 3763 493 3823 inde
513 3781 532 3822 a
552 3765 702 3842 principio
724 3765 851 3828 Lutheri
875 3765 988 3844 coeptis
1009 3767 1102 3826 eximie
1119 3767 1185 3826 favit.
1211 3771 1273 3828 Nan
1289 3780 1312 3830 et

284 3865 309 3923 is
328 3866 410 3944 ipse,
438 3867 490 3945 qui
511 3867 692 3942 religionum
717 3867 944 3928 reformatorem
966 3867 1135 3945 indulgentiis
1151 3872 1312 3947 perTezoliur

283 3964 453 4025 vendendis
483 3968 698 4040 excitaverat,
710 3987 749 4026 ex
772 3966 880 4026 eadem
902 3969 959 4027 hae
984 3969 1086 4029 familia
1103 3972 1157 4043 suit3
1174 3973 1216 4030 etsi
1232 3975 1310 4034 loaclu'

283 4087 348 4125 mus
366 4067 484 4126 Primus
503 4069 629 4127 Elector
644 4069 772 4127 Lutheri
796 4067 953 4130 doctrinae
974 4079 1035 4130 tam
1052 4074 1135 4131 acriter
1150 4071 1312 4150 adversabatur,

282 4177 316 4226 ut
340 4169 405 4228 eius
427 4171 536 4227 coniux
560 4171 759 4246 evangelicae
779 4169 960 4249 disciplinae
983 4171 1089 4232 addicta
1102 4176 1179 4254 capitis
1192 4177 1310 4252 periculum

284 4270 394 4329 exsilio
427 4270 563 4330 devitare
593 4281 766 4349 cogeretur:
801 4283 904 4332 tamen
920 4275 972 4354 qui
998 4275 1030 4332 in
1048 4275 1307 4354 Franconiaregnabart

282 4370 544 4448 Brandenburgici
567 4393 633 4430 oum
656 4373 783 4432 Alberto
798 4374 946 4450 Magistro
967 4377 1084 4454 equitum
1098 4377 1152 4439 haro
1168 4377 1208 4437 sibi
1224 4389 1302 4438 sectam
