2800 4976
774 200 811 259 12

222 389 315 449 luisse
335 389 473 462 felicem,
495 387 575 470 quod
598 387 706 448 studiis
729 389 900 466 utriusque,
930 387 1072 468 adquae
1096 408 1147 447 eos
1167 397 1295 447 natura
1318 390 1382 466 ipsa

223 489 410 563 adduxerat,
434 511 531 568 genus
555 489 679 550 vivendi
700 490 820 568 legibus
838 491 1061 569 praescriptum
1083 491 1286 549 conveniret.
1324 492 1381 549 Im·

224 600 305 652 mota
325 591 492 652 diutissime
515 593 627 670 Sparta
649 593 748 666 stetit,
771 611 866 670 parvo
888 591 967 651 bene
990 593 1116 667 vivens3
1138 612 1252 671 neque
1282 595 1399 674 aptius,

226 695 256 754 in
281 693 449 754 Germanos
467 713 557 772 quam
579 695 610 752 in
629 692 769 772 Spartam
790 692 872 752 dicta
884 693 986 752 Taciti
1005 694 1158 752 sententia
1169 696 1383 772 gravissima:

227 795 344 874 „Nemo
375 795 418 853 ihi
446 796 522 854 vitia
550 793 645 869 ridet,
678 815 735 855 nee
764 815 956 873 corrumpere
984 803 1015 854 et
1037 797 1186 875 corrumpi
1212 797 1384 855 saeculum

226 899 389 974 vocatur;“
411 897 542 976 plurima
562 898 635 976 quin
658 899 748 956 etiam
770 897 862 972 vitia,
885 896 995 975 quibus
1014 897 1095 955 aliae
1115 897 1331 957 vexabantur
1347 899 1385 956 ci-

226 1001 354 1072 vitates,
374 999 428 1058 illa
448 998 623 1076 ignorabat:
646 998 729 1058 unde
749 999 904 1072 Socratas,
922 999 1111 1077 Xenophon,
1129 998 1241 1074 Plato,
1263 1009 1300 1058 et
1317 1021 1386 1078 pm·

227 1102 421 1162 dentissimus
442 1111 579 1160 veterum
602 1102 730 1182 quisque
753 1101 934 1179 Spartanam
957 1120 1021 1159 rem
1042 1100 1198 1178 publicam
1223 1103 1301 1161 suis
1325 1102 1384 1160 cal·

227 1203 303 1264 culis
323 1202 530 1282 approbarunt
550 1223 648 1284 usque
678 1223 730 1278 eo,
761 1210 794 1262 ut
816 1203 1010 1261 iustissimam
1038 1201 1177 1262 dicerent
1199 1213 1311 1283 atque
1338 1224 1385 1262 ae-

226 1307 414 1385 quissimam,
435 1324 564 1382 eamque
580 1304 619 1364 ad
631 1305 852 1384 perfectionem
862 1305 999 1384 proxime
1015 1303 1164 1364 accedere
1183 1305 1381 1368 iudicarent.

229 1406 311 1485 Quid
326 1405 407 1485 quod
419 1405 556 1464 Platonis
575 1406 634 1466 duo
658 1407 713 1465 illa
729 1407 887 1484 perfectae
908 1406 1111 1484 reipublicae
1128 1409 1284 1486 exempla
1306 1408 1382 1466 nulli

230 1509 416 1569 Graecarum
444 1508 590 1568 similiora
617 1516 686 1566 sunt
715 1528 805 1588 quam
826 1507 1021 1568 Laconicae?
1052 1508 1126 1590 quid
1153 1511 1238 1588 quod
1272 1510 1380 1580 Solon,

144 1671 152 1688 ,
228 1631 319 1692 quum
341 1610 427 1688 leges
454 1631 523 1670 suas
544 1611 737 1689 profiteretur
765 1629 833 1670 esse
860 1631 921 1670 non
951 1611 1094 1690 optimas,
1123 1611 1178 1670 sed
1208 1611 1381 1684 eiusmodi,

229 1713 335 1792 quales
357 1713 527 1790 potuissent
556 1712 642 1786 ferri,
675 1713 913 1791 praestantiores
945 1720 1045 1772 autem
1074 1733 1143 1772 sese
1172 1715 1380 1792 praedicaret

229 1816 325 1890 scire,
348 1835 410 1873 non
438 1814 513 1874 alias
537 1813 657 1872 videtur
678 1814 866 1892 significasse
890 1835 980 1894 quam
1002 1813 1132 1874 Doricus
1147 1815 1258 1894 Pythii
1277 1815 1379 1894 Apol-

227 1915 323 1976 linis?
345 1914 420 1994 quid
441 1915 522 1995 quod
538 1916 569 1973 in
589 1915 681 1973 Italia
695 1916 898 1996 Pythagorei,
916 1915 1096 1974 divinissimi
1111 1917 1302 1996 sapientum,
1320 1937 1377 1997 quo

226 2018 371 2098 populum
392 2016 559 2076 redderent
577 2036 650 2076 vere
669 2017 805 2092 beatum,
828 2018 953 2076 formam
970 2018 1102 2076 civitatis
1117 2019 1200 2078 haud
1216 2020 1377 2099 disparem

228 2139 413 2198 magnopere
436 2118 654 2178 instituerunt?
698 2119 813 2179 Verum
835 2140 874 2179 ex
896 2141 955 2199 quo
979 2139 998 2177 a
1018 2119 1148 2197 pristina
1170 2122 1375 2201 simplicitate

229 2222 374 2300 Spartani
392 2221 599 2296 desciverunt,
627 2242 666 2281 ex
689 2242 748 2301 quo
770 2221 880 2282 deletis
902 2221 985 2281 bello
1007 2221 1201 2280 nobilissimis
1225 2223 1375 2300 gentibus
1398 2289 1399 2308 ,

228 2323 403 2406 permultis,
428 2343 568 2402 agrorum
589 2323 827 2384 suburbanorum
851 2330 946 2383 sortes
968 2321 1007 2381 ad
1028 2323 1110 2382 mille
1128 2323 1193 2382 fere
1211 2325 1375 2384 redierunt

229 2427 365 2485 homines
381 2425 557 2505 opulentos,
579 2445 617 2485 ex
634 2446 694 2506 quo
718 2446 790 2484 auro
814 2426 932 2484 inhiare
955 2425 1057 2484 ferrea
1070 2425 1148 2484 haec
1164 2445 1243 2503 gens
1262 2427 1371 2505 eoepit,
1396 2477 1397 2484 ,

231 2547 396 2606 omnesque
418 2548 457 2587 ex
481 2526 612 2588 Graecia
630 2529 773 2588 universa
798 2535 828 2586 et
846 2526 988 2585 barbaria
1007 2527 1148 2604 Spartam
1167 2531 1287 2588 nummi
1305 2550 1371 2588 eon·

230 2631 398 2702 fluxerunt,
420 2628 502 2688 unde
524 2630 612 2688 velut
632 2631 750 2690 bestiae
772 2650 812 2690 ex
832 2629 930 2688 leonis
954 2628 1102 2688 cubilibus
1118 2649 1178 2687 non
1194 2633 1371 2707 proficisce-

227 2739 333 2791 rentur
355 2751 503 2810 unquam:
526 2731 598 2790 inde
622 2751 661 2790 ex
684 2747 720 2791 ea
746 2739 928 2812 tempestate
949 2729 1038 2804 luxu,
1068 2731 1247 2806 ambitione,
1275 2733 1371 2794 avari·

229 2834 287 2908 tia,
309 2832 397 2891 malis
421 2831 535 2890 artibus
560 2832 746 2912 quibuslibet
774 2834 907 2912 corrupti
929 2853 965 2890 ac
994 2831 1153 2892 sordentes
1175 2853 1211 2892 eo
1235 2833 1369 2914 degene-
1396 2861 1397 2868 κ

228 2943 333 2992 rerunt
363 2935 495 3012 turpius,
523 2953 583 3013 quo
616 2943 725 2994 natura
757 2935 796 2994 ad
826 2933 994 2994 istiusmodi
1016 2935 1092 2993 vitia
1117 2935 1214 2994 minus
1236 2936 1371 2996 finxerat

227 3037 392 3114 proclives.
437 3034 577 3096 Athenas
599 3056 672 3096 vero
693 3035 869 3116 splendidas
888 3044 919 3096 et
933 3036 1083 3111 illustres,
1105 3035 1197 3096 decus
1214 3039 1368 3098 columen-

228 3158 287 3219 que
311 3137 477 3212 Graeciae,
498 3147 532 3196 ut
550 3146 635 3198 vates
651 3139 817 3198 Thebanus
839 3139 1061 3216 pronuntiavit,
1082 3138 1200 3215 legibus
1217 3141 1283 3199 suis
1300 3142 1369 3199 bea·

228 3251 275 3301 tas
298 3240 407 3314 fuisse,
432 3248 593 3318 antequam
609 3261 662 3300 eas
683 3241 864 3318 migrarent,
887 3239 960 3320 quid
971 3248 1017 3300 est
1029 3239 1110 3318 quod
1121 3239 1369 3318 persuadendum

228 3343 392 3420 suscipiam
412 3341 592 3422 persuasis?

313 3445 378 3503 Iam
395 3445 474 3503 enim
497 3444 703 3504 contrahenda
714 3442 786 3502 vela
801 3451 884 3514 sunt,
907 3451 937 3501 et
956 3442 1273 3522 omittendaplurima,
1291 3464 1368 3524 quac

230 3549 319 3606 unius
342 3547 433 3606 horae
461 3547 610 3606 curriculo
634 3545 815 3606 concludere
843 3565 902 3603 non
925 3565 1064 3622 possum,
1091 3553 1125 3604 ut
1147 3545 1254 3603 saltem
1277 3567 1368 3606 unum

230 3668 472 3723 commemorem,
496 3648 578 3729 quod
598 3670 659 3708 nou
682 3649 815 3708 alienum
838 3647 911 3704 mihi
933 3666 1033 3726 neque
1056 3646 1093 3705 ab
1111 3649 1178 3704 loco
1193 3646 1252 3704 hoc
1268 3667 1367 3729 neque

229 3751 267 3809 ab
290 3752 337 3808 his
358 3751 543 3828 temporibus
566 3750 697 3810 videtur.
742 3751 862 3827 Nempe
886 3747 996 3828 Sparta
1019 3747 1136 3806 civibus
1158 3749 1272 3825 profuit
1293 3772 1366 3829 pau·

228 3853 288 3911 cis:
312 3853 454 3910 Athenae
476 3872 531 3930 per
556 3852 658 3911 orbem
680 3861 824 3910 terrarum
848 3850 963 3909 fructus
991 3850 1180 3926 ingeniorum
1200 3848 1366 3910 uberrimos

226 3961 444 4033 propagarunt.
488 3953 549 4010 Illa
572 3953 702 4026 viribuS,
726 3953 854 4025 virtute,
879 3951 970 4010 rebus
999 3952 1093 4028 gestis
1123 3971 1247 4028 magna,
1275 3953 1365 4011 nullis

228 4057 260 4115 in
282 4063 402 4115 exteros
424 4053 599 4114 beneficiis:
632 4054 691 4112 hae
720 4074 779 4112 non
809 4052 866 4112 sibi
899 4053 987 4126 solis,
1019 4051 1074 4110 sed
1103 4053 1208 4130 generi
1235 4052 1363 4113 humano

228 4166 372 4237 operatae
400 4164 478 4217 sunt.
526 4156 637 4237 Sparta
667 4154 791 4216 cecidit:
825 4153 1014 4214 Athenarum
1038 4152 1252 4228 eruditionem,
1279 4155 1363 4234 quasi

226 4259 370 4339 lampada
389 4278 542 4332 cursores,
566 4253 691 4347 saecula
713 4257 844 4318 saeculis
866 4254 1072 4329 tradiderunt,
1096 4264 1126 4314 et
1140 4255 1263 4316 tradent
1282 4258 1361 4316 dein-

227 4383 299 4443 ceps
317 4364 349 4422 in
371 4363 467 4422 omnis
492 4362 563 4422 aevi
586 4361 800 4441 sempiternam
822 4359 1011 4431 memoriam,
1033 4366 1067 4416 ut
1088 4357 1126 4417 ab
1148 4356 1218 4431 illa,
1244 4357 1327 4418 velut
1347 4378 1362 4416 a
