2800 4976
587 231 627 296 49

11 423 226 499 ongregati,
254 422 279 480 si
306 422 375 501 quis
392 421 541 500 insignior
562 425 708 504 magister
733 425 900 501 extitisset,
927 425 1060 488 melioris
1084 427 1173 490 disci·

11 523 122 581 ‚linae
163 523 282 582 semina
311 524 393 602 apud
421 545 492 584 suos
520 525 715 604 spargebant.
768 526 856 604 Quae
885 548 935 588 res
962 537 1107 607 quantum
1133 531 1173 590 ad

11 624 190 683 loctrinae
219 644 326 683 sacrae
357 624 599 686 emendationem
623 627 819 702 contulerint,
846 649 1068 710 prosperosquc
1088 640 1172 691 tanto

11 734 147 803 ncepto
176 727 355 804 paraverint
372 748 541 802 successus,
564 729 674 807 partim
693 730 846 790 Lutherus
863 732 929 810 ipse
946 739 1084 808 testatur,
1103 753 1170 811 par-

11 829 57 884 im
98 829 206 887 certis
228 829 413 905 argumentis
444 839 475 889 et
494 829 615 888 indiciis
637 839 741 908 potest
768 830 881 908 colligi.
927 833 1006 892 Nam
1029 833 1082 892 ille
1104 835 1170 914 qui-

11 927 79 987 lem
113 931 155 988 in
188 930 343 990 coenobiis
370 939 402 989 et
422 930 676 998 universitatibus
704 932 825 1010 linguas
850 932 921 994 ideo
949 955 1010 994 non
1031 935 1170 994 excultas

11 1031 79 1088 dim
104 1041 292 1104 asseverat,
319 1053 359 1090 ne
379 1033 539 1112 imperium
563 1032 792 1093 daemoniacum
812 1034 1024 1095 detrimentum
1047 1047 1172 1116 caperet

11 1134 191 1208 riusmodi,
216 1133 297 1214 quod
315 1134 398 1194 haud
419 1136 513 1196 facile
530 1137 708 1212 sarciretur3
728 1135 810 1196 unde
830 1137 943 1196 factum
964 1157 1041 1213 esse,
1063 1148 1098 1197 ut
1117 1159 1169 1198 ne·

11 1255 66 1313 pue
89 1237 220 1294 Latine
247 1256 306 1294 nee
326 1235 508 1296 Germanice
533 1237 668 1298 scribere
688 1246 826 1316 possent,
856 1247 886 1298 et
913 1259 1052 1300 sermone
1076 1249 1168 1321 etque

11 1337 192 1414 cvangelio
213 1339 362 1415 corruptis
385 1359 421 1398 ac
443 1340 562 1398 ratione
589 1359 686 1420 prope
708 1339 776 1418 ipsa
800 1349 893 1399 exuta
916 1340 999 1400 haud
1019 1343 1127 1420 procul
1150 1362 1169 1401 a

11 1440 117 1497 ›eluis
148 1449 270 1499 essent:
300 1438 355 1500 sed
380 1438 485 1500 divina
505 1441 701 1519 providentia
724 1440 885 1501 Graeciam
911 1463 979 1502 esse
994 1444 1041 1502 ·in
1059 1444 1166 1504 barba-

11 1562 116 1599 :orum
147 1550 336 1619 potestatem
356 1541 527 1618 redactam,
556 1551 589 1601 ut
612 1540 724 1602 Graeci
752 1542 873 1622 profugi
902 1543 1092 1624 ac.dispcrsi
1114 1567 1167 1624 pa·

11 1644 105 1701 niam
132 1644 275 1720 linguam
298 1643 337 1703 ad
360 1653 483 1704 exteras
502 1644 643 1704 nationes
662 1653 882 1724 propagarent,
910 1655 944 1704 ut
970 1647 1050 1706 aliae
1076 1649 1167 1708 etiam

11 1744 150 1822 linguae
175 1744 417 1820 addiscerentur,
437 1755 588 1826 postremo
605 1755 640 1806 nt
657 1746 848 1824 evangelium
866 1747 1041 1825 patefieret:
1065 1769 1166 1829 neque

12 1848 98 1904 enirn
124 1847 238 1906 afflatu
261 1856 292 1908 et
314 1869 388 1908 aura
409 1847 514 1906 divina
536 1849 637 1907 omnia
656 1849 777 1926 perfici,
799 1855 834 1906 ut
859 1857 945 1907 erant
965 1851 1018 1928 qui
1038 1850 1165 1910 arbitra-

11 1958 144 2009 rentur:
177 1958 260 2009 certe
289 1951 363 2024 sibi,
392 1951 453 2010 nisi
476 1951 647 2028 linguarum
678 1951 788 2010 fuisset
816 1949 969 2028 praesidio
992 1952 1166 2027 instructus,

11 2051 149 2110 licuisse
173 2051 298 2130 quidem
315 2053 366 2131 pio
390 2073 457 2111 esse
480 2061 510 2112 et
526 2073 581 2131 pro
597 2073 709 2112 corona
724 2071 889 2132 paucorum
905 2054 1083 2126 contionari,
1104 2074 1166 2114 non

12 2153 207 2212 Pontificem
230 2163 261 2214 et
282 2155 432 2234 sophistas
455 2153 644 2234 perdomare.
687 2153 773 2212 Idem
790 2153 955 2212 Aristotele
973 2154 1165 2233 explodendo

14 2257 93 2312 satis
120 2254 263 2314 declarat
282 2277 344 2314 non
365 2258 517 2315 minimum
536 2257 686 2317 ecclesiae
702 2253 888 2314 commodum
906 2255 1072 2317 conciliari.
1100 2256 1165 2334 Ipsi

15 2377 90 2414 vcro
116 2358 167 2415 illi
191 2357 362 2418 litterarum
381 2359 572 2418 restit-utores
589 2359 799 2418 auctoritatem
813 2357 1000 2435 pontificiam
1017 2366 1048 2416 et
1063 2377 1163 2416 sacer·-

18 2457 160 2518 dotalem
178 2461 326 2538 castigata
341 2481 455 2519 morum
469 2462 672 2539 perversitate
688 2460 902 2520 elevaverant:
925 2461 1045 2518 Dentes
1060 2457 1162 2518 Ponti-

17 2559 110 2618 ficum
142 2562 248 2620 larvas
279 2561 455 2622 delictorum
489 2583 605 2641 poenas
636 2563 799 2634 luentium,
832 2561 994 2620 ecclesiam
1022 2561 1164 2639 squalore

20 2661 194 2736 horridam,
225 2664 407 2741 flagitiorum
433 2664 567 2744 pondere
596 2664 732 2724 obrutam
759 2662 840 2742 apud
866 2662 979 2720 inferos
1001 2671 1162 2722 monstrat:

19 2761 99 2821 lenis
131 2765 189 2823 ille
210 2765 356 2826 Petrarce
377 2768 492 2845 primus
514 2766 614 2826 aulam
634 2765 820 2845 pontificiam
837 2763 1006 2843 Babylonis
1031 2763 1161 2838 nomine,

22 2865 102 2941 quod
132 2875 243 2945 postea
266 2867 381 2939 haesit,
410 2889 467 2948 per
496 2867 687 2948 opprobrium
716 2865 880 2944 significat,
910 2874 942 2924 et
962 2866 1090 2924 Romam
1117 2887 1161 2940 se,

22 2967 167 3027 miseriae
192 2968 297 3029 sedem
318 2991 354 3028 ac
374 2971 566 3030 seminarium
588 2971 714 3044 erroris,
736 2968 896 3047 reliquisse
916 2966 991 3026 dicit
1007 2987 1162 3048 nunquam

23 3067 207 3130 rediturum:
236 3071 290 3130 alii
319 3072 502 3132 carminibus
528 3071 611 3132 haud
634 3069 761 3128 inficetis
785 3069 861 3128 vitia
883 3068 1074 3128 sacerdotum
1093 3091 1160 3150 per·

26 3171 227 3250 stringebant.
270 3176 312 3233 Et
334 3173 580 3234 excudendorum
598 3172 741 3231 librorum
758 3178 852 3230 artem
866 3171 1065 3230 Pontificibus
1088 3172 1162 3249 ipsis

29 3289 92 3330 csse
119 3267 296 3335 damnosam
325 3277 436 3350 visam,
470 3277 500 3334 in
528 3275 582 3333 illa
608 3274 787 3352 praesertim
815 3273 1010 3332 scribentium
1037 3271 1162 3332 licentia

27 3374 117 3434 multo
144 3396 236 3455 quam
256 3399 337 3437 nunc
358 3379 480 3453 maiore,
506 3375 614 3435 videas
637 3395 675 3436 ex
705 3375 821 3448 edictis,
851 3374 961 3454 quibus
983 3373 1105 3432 dicendi
1126 3393 1162 3432 ac

30 3476 178 3536 sentiendi
202 3479 375 3539 libertatem
397 3480 427 3538 in
452 3480 519 3556 ipsa
533 3476 706 3550 Germania,
729 3477 766 3535 ob
785 3477 898 3556 scripta
913 3473 1063 3555 quaedam
1080 3474 1160 3554 apud

29 3574 314 3658 llagdeburgenses,
331 3581 584 3658 Agrippinenses,
600 3579 764 3653 Treveros,
784 3579 981 3654 Maguntinos
1003 3576 1162 3654 divulgata

31 3675 85 3736 iam
107 3682 231 3742 sacculo
254 3683 360 3762 quinto
385 3682 501 3742 decimo
523 3688 655 3741 exeunte
677 3680 818 3740 callidius
841 3699 931 3759 quam
952 3679 1066 3738 rectius
1092 3686 1162 3737 sunt

34 3798 168 3844 coercere
191 3784 301 3844 conati.

110 3885 174 3946 Sed
197 3885 278 3963 apud
296 3885 459 3963 populares
477 3893 595 3945 nostros
616 3884 747 3959 litterae,
770 3903 849 3963 quae
867 3903 923 3962 per
944 3883 1030 3942 viros·
1048 3883 1079 3940 in
1098 3882 1160 3940 Ita·

34 3981 72 4042 lia
93 3987 240 4062 excultos,
271 3995 301 4046 et
328 3987 461 4046 maxime
486 4007 542 4067 per
563 3986 758 4063 Rudolphum
778 3984 952 4062 Agricolam
981 3985 1053 4044 olim
1076 3992 1162 4044 crant

36 4089 193 4163 stabilitae,
224 4088 262 4148 ad
284 4089 412 4148 fontium
434 4109 587 4148 sacrorum
609 4088 844 4164 intelligentiam
871 4086 1116 4145 accommodatae
1144 4105 1163 4142 a

37 4185 195 4250 Reuchlino
218 4199 249 4250 ct
268 4193 396 4250 Erasmo
417 4199 500 4264 sunt,
524 4211 649 4270 quorum
672 4189 749 4248 alter
770 4186 926 4246 Hebraica
947 4186 1061 4258 docuit,
1084 4186 1162 4243 alter

38 4305 88 4346 non
111 4293 208 4352 solum
232 4293 270 4352 de
291 4293 375 4352 libris
397 4293 467 4350 novi
484 4290 618 4351 foederis
631 4311 685 4370 pro
701 4289 783 4348 illius
800 4289 910 4347 aetatis
924 4287 1030 4346 babitu
1049 4288 1165 4366 optime

40 4393 149 4454 meritus
166 4402 220 4468 est,
240 4396 451 4454 verumetiam
471 4393 669 4454 scholasticas
687 4393 778 4452 tricas
795 4390 896 4450 multis
911 4387 1028 4467 pridem
1048 4389 1184 4450 invisasae

81 4505 180 4548 Boeclrhii
197 4509 266 4551 Orutt.
941 4490 960 4548 4
