2800 4976
783 255 822 320 18

703 343 903 357 ——........-.-

236 433 458 498 eommodornm
480 453 597 495 summa
624 453 660 493 eo
685 432 834 492 contineri
860 429 999 502 videtur,
1026 425 1110 509 quod
1130 428 1198 506 regi
1231 445 1383 505 paremus.

235 540 303 598 Hoc
324 557 510 617 veroquam
532 535 610 609 dico,
633 535 659 594 si
678 553 726 594 me
747 551 935 594 communem
955 551 1050 611 prope
1074 531 1211 588 omnium
1242 528 1389 605 Europae

235 642 402 713 nationum,
423 647 458 697 ut
477 651 558 696 nune
570 637 751 697 constitutae
771 643 850 709 sunt,
869 634 1033 692 utilitatem
1053 633 1137 711 loqui
1161 631 1314 710 putatis,
1344 651 1386 686 no

235 740 322 800 nobis
344 741 513 821 propriam3
539 739 597 799 etsi
614 757 671 797 vos
686 736 800 813 largior
820 743 906 795 reete
928 733 1075 807 iudicare,
1097 741 1203 791 tamen
1226 733 1273 791 in
1298 743 1387 789 nostra

236 843 362 901 civitate
386 841 464 919 regii
491 839 611 919 imperii
638 839 857 918 praestantiam
881 835 1049 896 clarissime
1072 834 1211 894 eluxisse
1238 835 1389 892 maxime·

236 963 296 1022 que
322 943 485 1002 eminuisse
514 940 675 1000 contendo.
730 935 832 1016 Quum
861 938 940 1002 enim
972 945 1078 996 contra
1105 937 1231 995 hostem
1272 935 1389 1013 generis

235 1042 368 1118 humani,
392 1043 590 1123 quipeeunia
610 1041 799 1120 fortunisque
817 1040 928 1099 nostris
946 1057 1006 1097 non
1019 1044 1188 1110 contentus,
1214 1038 1390 1096 animorun

238 1145 329 1204 etiam
366 1144 541 1202 libertatem
579 1142 729 1203 sublatam
763 1140 904 1214 volebat,
937 1140 1179 1216 sanguinemque
1220 1147 1263 1196 et
1308 1139 1389 1195 vitan

236 1245 372 1324 petebat,
392 1244 534 1304 obsessae
549 1244 711 1304 hostilibus
733 1244 828 1321 copiis
849 1243 894 1300 rei
914 1239 1064 1317 publicae,
1086 1239 1307 1298 facultatibus
1329 1248 1399 1316 atre,

238 1345 355 1418 nnatis,
386 1347 539 1405 exercitus
567 1344 762 1404 instruendus
794 1352 875 1403 esset
904 1363 966 1401 non
988 1340 1166 1414 mediocris,
1198 1341 1269 1400 sed
1296 1328 1399 1398 tantus

238 1455 382 1527 quantum
404 1467 444 1506 ue
467 1446 680 1506 florentissima
702 1445 786 1527 quid(
810 1466 825 1503 o
847 1453 949 1503 aetate
970 1444 1115 1501 Berusaia
1129 1439 1331 1521 paraverat,
1350 1462 1387 1498 nc·

238 1567 298 1627 que
326 1546 357 1605 id
384 1548 443 1626 ped
489 1548 574 1625 ,ntim
603 1556 632 1606 et
659 1567 715 1627 per
740 1547 832 1606 otium
863 1547 929 1604 fieri
958 1552 1076 1625 posset,
1101 1543 1156 1602 sed
1179 1543 1387 1604 festinatione

239 1669 353 1707 summa
375 1669 390 1706 a
454 1650 541 1708 ¹erari
561 1648 703 1708 deberet:
721 1657 784 1708 tum
802 1648 895 1726 igitur
919 1647 986 1727 quis
1005 1647 1120 1724 estqui
1136 1655 1288 1720 censeat,
1311 1653 1387 1703 tanta

237 1749 393 1834 molimina
434 1769 482 1808 am
508 1751 634 1824 acriter,
667 1758 727 1808 tam
759 1749 847 1808 brevi
875 1749 987 1827 spatio,
1015 1756 1077 1806 tam
1105 1755 1219 1826 pacate
1245 1748 1386 1826 potuisse

237 1841 401 1930 pr‹·‘lie”²,
423 1851 482 1910 nisi
496 1853 577 1929 regis
595 1851 700 1910 dilecti
712 1851 892 1910 auctoritate
909 1858 996 1928 gesta
1008 1857 1110 1908 essent
1125 1849 1257 1907 omnia?
1286 1845 1384 1926 Quod·

206 1971 250 2038 „t
267 1973 307 2010 nn
362 1953 488 2029 ¹perium
503 1953 542 2010 ad
565 1952 717 2031 agendum
739 1954 905 2030 promptius
928 1950 1035 2028 regio?
1060 1951 1182 2030 quando
1204 1952 1304 2010 vires
1328 1946 1399 2007 uni!

198 2061 271 2118 ficar
293 2071 345 2110 eae
368 2052 410 2110 lib
480 2055 579 2135 *israe
609 2063 653 2112 tut
704 2053 755 2112 lae
779 2052 916 2112 subsidia
933 2053 1030 2130 magis
1053 2051 1260 2127 concordant,
1299 2070 1398 2132 quan]

199 2171 248 2222 tus
268 2159 284 2218 h
319 2150 557 2243 moderantis]-
573 2199 582 2215 .
600 2176 691 2214 manu
708 2153 814 2214 valida
838 2153 926 2213 frena
948 2163 1056 2213 teneus
1078 2163 1188 2213 cuncta
1204 2150 1383 2232 gubernet?

141 2245 145 2250 ’
199 2265 257 2323 hoe
279 2261 302 2325 1».
323 2273 361 2314 ve
415 2237 578 2322 ‘discordia
600 2257 965 2338 frequentiusgrassatnr
995 2275 1032 2314 ac
1053 2255 1271 2334 reipublicae
1297 2255 1380 2314 robur

234 2255 536 2447 “Zaygissfhirestiuffi
559 2379 649 2437 quam
677 2381 706 2417 ..r
729 2359 765 2416 iis
789 2357 973 2432 civitatibus,
998 2378 1077 2437 quae
1092 2377 1265 2434 paucorum
1293 2325 1398 2420 domi-i

234 2457 360 2520 datione
382 2467 434 2518 aut
450 2460 590 2540 populari
612 2460 738 2540 imperio
761 2458 909 2519 utuntur?
932 2457 1050 2536 Quodsi
1065 2459 1280 2538 Hispanorum
1301 2448 1399 2560 natio(

236 2561 485 2638 generosissima,
514 2582 593 2642 quae
614 2561 698 2620 nullo
724 2560 846 2634 labore,
880 2560 969 2620 clade
988 2561 1090 2636 nulla,
1121 2561 1214 2619 nullis
1236 2561 1377 2622 miseriis,

236 2663 328 2724 nullis
350 2664 522 2738 tormentis,
546 2663 632 2722 nulla
660 2664 792 2722 hostium
818 2663 980 2722 atrocitate
1008 2683 1044 2721 ae
1072 2663 1203 2721 saevitia
1227 2661 1375 2723 deterreri

237 2765 275 2823 ab
296 2765 420 2843 incepta
435 2765 554 2844 patriae
575 2762 753 2824 liberandae
764 2765 815 2823 via
828 2773 957 2843 poterat,
979 2765 1073 2823 talem
1085 2763 1246 2822 habuisset
1267 2783 1376 2842 regern,

149 2900 151 2903 -
237 2864 360 2944 qualem
384 2884 440 2925 nos
462 2885 658 2941 veneramur,
683 2865 821 2944 profecto
850 2873 955 2925 auctas
977 2866 1072 2940 viret,
1101 2873 1221 2924 auctam
1253 2885 1373 2926 concor·

237 2965 328 3039 diam,
351 2975 455 3027 auctos
477 2987 578 3027 rerum
598 2966 798 3046 gerendarum
821 2987 932 3026 nervos
947 2965 1087 3027 vidisses,
1117 2965 1200 3044 Quid
1211 2963 1376 3027 Helvetii?

236 3066 310 3146 quid
333 3067 468 3127 Batavi?
504 3067 630 3148 quorum
659 3069 705 3128 illi
733 3069 885 3128 intestinis
910 3069 994 3127 malis
1017 3070 1121 3128 vexati
1150 3068 1227 3126 nihil
1253 3069 1374 3148 dignum
1398 3119 1399 3140 ,

236 3169 320 3226 avita
342 3169 440 3246 gloria
458 3169 612 3246 fecerunt3
635 3170 666 3228 hi
686 3191 778 3249 quum
801 3171 916 3229 animos
930 3168 1126 3229 ostenderent
1148 3169 1187 3228 ad
1201 3169 1375 3230 libertatem
1398 3151 1399 3154 Ἴ

235 3269 475 3347 recuperandam
505 3273 633 3330 maxime
664 3291 847 3349 propensos,
879 3273 939 3330 nisi
963 3271 1101 3350 principe
1125 3270 1239 3331 dudum
1267 3271 1374 3332 exsule

236 3369 366 3430 fuissent
389 3371 540 3448 destituti,
563 3373 709 3432 maturius
730 3374 797 3433 sine
824 3373 914 3432 dubio
939 3373 1042 3452 copias
1065 3384 1234 3450 parassent.
1281 3371 1374 3432 Adde

235 3472 317 3550 quod
338 3473 453 3552 pietate
477 3475 507 3532 in
530 3493 633 3552 regem
657 3473 820 3553 benignum
850 3475 941 3532 animi
960 3474 1112 3532 hominum
1135 3475 1178 3532 ita
1201 3475 1373 3533 excitantur

235 3580 328 3652 atque
347 3575 559 3648 incenduntur,
579 3583 613 3633 ut
626 3597 680 3655 pro
702 3597 737 3635 eo
760 3575 970 3636 conservando
991 3574 1072 3634 haud
1092 3577 1190 3634 nrinus
1211 3594 1308 3655 quam
1322 3595 1372 3656 pro

236 3693 288 3731 ara
311 3683 343 3733 et
365 3676 442 3735 focis
466 3675 625 3751 dimicent,
652 3678 790 3758 nihilque
816 3696 875 3756 quo
904 3678 968 3736 eius
997 3697 1106 3736 nornen
1136 3677 1286 3750 deminui,
1325 3683 1370 3735 aut

234 3775 341 3834 honori
360 3775 490 3850 detrahi,
519 3787 571 3836 aut
592 3781 726 3856 potentia
743 3779 888 3837 infirmari
908 3788 1009 3857 queat,
1032 3777 1102 3837 dnm
1122 3779 1230 3838 vivant
1253 3799 1290 3837 ac
1316 3777 1370 3858 spi·
1399 3824 1400 3833 ,

233 3886 311 3950 rent,
333 3877 523 3937 tolerandum
545 3879 738 3940 arbitrentur.
782 3880 886 3958 Atque
908 3879 1058 3960 equidem,
1081 3900 1264 3960 quamquam
1285 3878 1368 3940 multi

233 3975 427 4049 dissentiunt,
449 3978 533 4036 haud
554 3999 662 4039 vereor
684 3981 846 4054 affirmare,
865 3983 943 4040 inter
963 3982 1097 4040 maxima
1116 3981 1280 4058 beneficia,
1308 3981 1365 4064 qui·
1398 4017 1399 4026 κ

235 4076 291 4135 bus
315 4076 385 4136 inde
408 4099 426 4136 a
449 4078 640 4138 Christianae
659 4079 733 4139 fidei
755 4082 947 4142 incunabulis
968 4083 1053 4142 Deus
1076 4084 1217 4143 mortales
1238 4084 1363 4143 cumula·

166 4167 168 4172 ¹
234 4178 287 4250 vit,
310 4176 386 4236 illud
402 4179 483 4239 haud
500 4181 654 4238 minimum
674 4201 751 4256 esse,
772 4183 853 4261 quod
874 4203 966 4262 quum
981 4184 1052 4242 olim
1072 4193 1181 4262 gentes
1197 4185 1361 4245 eruditione

233 4278 369 4356 eleganti
392 4282 576 4360 conspicuae
598 4283 775 4360 popularem
795 4285 926 4344 civitatis
947 4293 1059 4344 statum
1080 4287 1282 4346 instituissent
1303 4287 1361 4366 ple·

232 4399 356 4460 raeque,
378 4401 504 4458 regnum
517 4385 680 4443 autem‘vcl
702 4387 803 4462 potius
822 4387 959 4466 tyrannis
983 4385 1074 4446 rudes
1096 4389 1228 4447 maxime
1251 4397 1281 4446 et
1302 4389 1359 4448 ber·
1397 4391 1399 4401 ”
