2800 4976
692 263 893 356 AL.

226 450 343 510 scilicet
366 457 571 530 consuetaque
592 451 781 528 negotiorum
804 451 856 509 via
878 449 1047 510 subtilitate
1068 451 1252 530 disputandi
1280 456 1372 514 inani-

225 553 341 631 busque
366 551 639 612 declamationibus
662 564 803 612 avertere
825 553 994 612 moliantur.
1026 551 1119 612 Cuius
1134 557 1182 614 rei
1203 577 1273 615 non
1298 579 1371 616 nune

225 656 354 734 primum
381 661 524 733 coeptae,
556 654 612 714 sed
639 655 678 714 ab
708 656 925 734 antiquissimis
960 657 1147 733 temporibus
1176 669 1371 737 propagatae

226 757 417 836 praeclarum
436 757 609 837 exemplum
631 777 680 815 res
702 757 826 835 publica
851 755 1049 817 Atheniensis
1066 758 1264 838 suppeditat.
1291 760 1370 838 Quae

226 881 318 938 quum
339 859 495 937 popularis
512 859 630 936 imperii
646 859 772 918 licentia
795 867 825 917 et
846 860 1046 918 effrenatione
1063 880 1217 939 praeceps
1238 861 1369 931 daretur,

226 981 317 1042 quam
340 961 386 1019 illi
407 961 501 1020 aetati
522 980 621 1040 aeque
642 961 764 1020 insitam
785 961 880 1020 fuisse
902 969 1035 1036 constat,
1059 981 1095 1020 ac
1113 965 1313 1023 contrarium
1334 969 1368 1023 vi-

225 1066 300 1124 tium
325 1071 464 1139 nostrae3
494 1063 637 1123 Socrates
658 1063 873 1142 philosophus,
904 1063 956 1143 qui
985 1063 1043 1121 etsi
1065 1082 1084 1120 a
1105 1064 1201 1124 rebus
1225 1068 1368 1143 gerendis

134 1195 138 1210 ›
227 1167 347 1226 alienus
374 1185 538 1244 earumque
561 1165 639 1225 adeo
661 1167 798 1238 nescius,
825 1173 859 1224 ut
881 1163 1013 1238 civibus,
1038 1185 1113 1245 quos
1135 1166 1166 1224 in
1192 1169 1369 1247 suffragium

227 1270 347 1327 mittere
366 1267 475 1341 vellet,
497 1266 590 1326 risum
611 1269 778 1341 excitaret,
803 1267 941 1326 doctrina
963 1275 993 1325 et
1012 1267 1222 1328 admonitione
1248 1271 1284 1329 id
1307 1292 1368 1348 age·

227 1370 294 1443 bat,
317 1378 350 1428 ut
367 1371 413 1429 rei
434 1367 577 1446 publicae
595 1368 691 1428 forma
710 1371 741 1428 in
762 1369 918 1428 meliorem
941 1368 1058 1446 frugem
1081 1380 1325 1432 converteretur
1345 1384 1368 1430 et

227 1471 394 1531 seeundum
419 1477 585 1549 praecepta
611 1471 781 1548 sapientiae
812 1471 1047 1550 constitueretur
1073 1491 1109 1529 ac
1134 1471 1366 1548 gubernaretur,

229 1574 267 1632 ab
289 1574 394 1653 Anyto
423 1574 550 1651 eiusque
579 1573 720 1646 asseclis,
743 1572 925 1652 plebeculae
946 1573 1083 1646 famulis,
1106 1573 1220 1652 quibus
1246 1577 1310 1635 ista
1329 1599 1366 1635 re-

227 1697 292 1735 rum
312 1673 451 1734 condicio
468 1674 581 1751 optima
602 1673 777 1746 videbatur,
797 1675 962 1753 impietatis
983 1683 1144 1734 accusatus
1166 1684 1200 1734 et
1219 1680 1366 1756 supplicio

156 1813 158 1818 ·
228 1780 356 1837 affectus
384 1785 444 1836 est:
481 1797 549 1834 sera
575 1777 811 1854 superveniente
832 1777 1037 1854 paenitentia,
1059 1785 1223 1856 postquam
1252 1781 1367 1839 intelle-

229 1888 308 1938 ctum
335 1887 394 1953 est,
419 1877 577 1936 Socratem
602 1899 694 1936 unum
716 1877 846 1936 omnium
869 1878 1077 1955 reipublicae
1099 1878 1203 1938 labem
1224 1882 1388 1942 habuisse,

229 1982 341 2059 optime
360 1989 566 2060 perspectam,
587 2001 688 2058 neque
707 1979 791 2038 illum
805 1988 866 2038 tam
880 1980 967 2038 novis
982 1980 1073 2038 rebus
1095 1980 1267 2059 studuisse,
1286 2007 1367 2064 quam
1387 1989 1388 2060 l

195 2073 197 2080 ’
229 2084 357 2142 caritate
380 2082 497 2161 patriae
520 2081 635 2142 mederi
658 2081 786 2160 publico
807 2083 887 2140 malo
912 2081 1055 2141 voluisse.

313 2185 425 2263 Neque
453 2204 526 2242 vero
554 2185 650 2262 magis
673 2203 764 2262 quam
784 2182 904 2258 talium,
928 2182 1035 2262 quales
1058 2181 1138 2256 dixi,
1161 2185 1368 2246 ministrorum

229 2287 376 2348 institutio
397 2286 506 2345 litteris
527 2285 619 2345 debet
639 2286 825 2363 propositum
845 2305 929 2358 esse,
953 2292 986 2344 ut
1008 2306 1083 2363 opes
1106 2285 1217 2344 civium
1245 2298 1279 2347 et
1302 2293 1367 2348 civi·

227 2392 299 2449 tatis
320 2390 414 2467 ipsius
438 2388 573 2447 artificiis
591 2388 731 2446 sollerter
754 2387 936 2463 excogitatis
960 2387 1191 2466 amplificentur.
1226 2390 1314 2450 Nam
1336 2414 1367 2450 ne

230 2511 458 2551 commemorem
485 2491 564 2550 haec
587 2488 743 2548 commoda
772 2509 833 2547 non
854 2490 913 2548 nisi
936 2509 954 2547 a
974 2489 1195 2548 mathematicis
1217 2493 1366 2573 physicis·

229 2615 289 2674 que
316 2593 484 2671 disciplinis
508 2592 681 2670 exspectari
703 2611 808 2668 posse;
832 2593 883 2670 qui
908 2583 1065 2650 doctrinae
1086 2595 1313 2668 praestantiam
1337 2619 1366 2655 ex

229 2698 286 2756 hoc
309 2697 473 2754 communis
492 2696 575 2754 vitae
598 2715 654 2752 usu
671 2694 906 2765 existimaverit,
929 2691 1092 2752 videatne
1116 2694 1147 2750 in
1168 2694 1366 2758 facultatibus

230 2796 455 2878 comparandis,
477 2798 508 2856 in
529 2795 660 2874 pecunia
683 2794 873 2872 colligenda,
897 2796 1042 2854 invictus
1065 2795 1225 2874 cultusque
1247 2800 1366 2878 elegan-

228 2904 272 2960 tia
295 2910 325 2959 et
347 2898 549 2971 iucunditate,
574 2897 707 2976 denique
734 2898 764 2954 in
787 2897 861 2955 luxu
891 2905 921 2956 et
948 2896 1066 2957 deliciis
1088 2917 1235 2956 summum
1263 2900 1365 2961 bonum

229 3010 372 3081 reponat,
396 3022 488 3080 quum
505 3021 651 3059 summam
666 3000 759 3057 animi
780 3001 1019 3073 contentionem,
1041 3020 1120 3080 quae
1140 2999 1364 3078 disciplinarum

230 3105 331 3166 studio
358 3102 536 3178 adhibetur,
567 3103 605 3161 ad
629 3104 719 3160 istum
745 3102 836 3159 finem
864 3101 968 3161 refert.
1012 3103 1088 3160 Mihi
1114 3122 1186 3160 vero
1209 3104 1365 3186 vobisque,

229 3209 304 3268 satis
333 3207 411 3280 scio,
440 3205 591 3264 universis
617 3204 671 3261 illa
702 3204 816 3276 omnia,
844 3224 924 3282 quae
947 3204 1040 3262 vitam
1064 3203 1233 3263 faciliorem
1258 3211 1363 3284 gratio·
1386 3229 1387 3232 ¹

228 3329 354 3390 remque
375 3305 521 3378 reddunt,
544 3327 605 3365 non
622 3326 677 3364 sua
702 3325 794 3363 causa
816 3307 923 3384 quaeri
942 3303 1096 3379 videntur,
1119 3304 1173 3364 sed
1196 3315 1230 3364 ut
1253 3312 1365 3368 animus

229 3415 323 3483 curie,
348 3431 423 3491 quas
445 3417 571 3468 naturae
595 3408 761 3466 necessitas
784 3408 928 3483 iniungit,
949 3407 1105 3465 exsolutus
1128 3405 1264 3468 divinam
1284 3412 1364 3470 indo·

228 3517 288 3575 lem
304 3514 429 3573 liberius
448 3513 548 3592 sequi,
572 3511 629 3569 hoc
654 3519 699 3569 est
720 3510 861 3568 virtutem
886 3509 985 3567 colere
1008 3510 1250 3590 altissimamque
1274 3516 1364 3571 scien-

136 3661 140 3670 .
229 3621 303 3677 tiam
329 3626 360 3676 et
389 3614 588 3673 eruditionem
617 3612 676 3671 sibi
703 3630 879 3689 comparare
913 3612 1026 3689 possit:
1061 3631 1151 3690 quam
1179 3616 1363 3691 quoniame

230 3727 358 3802 quaestu
380 3717 526 3795 lucroque.
550 3714 725 3792 longissime
747 3721 863 3772 remota
882 3721 942 3785 est,
964 3713 1080 3790 priores
1102 3714 1239 3772 homines
1263 3719 1361 3775 artium

229 3823 402 3882 liberalium
425 3819 546 3877 nomine
571 3813 888 3895 comprehendendam
903 3823 1055 3893 putarunt.
1094 3813 1184 3891 Quod
1208 3817 1310 3895 siquid
1329 3839 1359 3876 ex

230 3925 341 3984 litteris
367 3921 509 3981 utilitatis
539 3920 570 3977 in
595 3919 679 3975 vitae
707 3916 862 3975 commoda
883 3915 1048 3975 redundat:
1079 3925 1110 3975 et
1129 3915 1281 3976 redundat
1301 3941 1359 3997 pro·

231 4027 313 4085 fecto
330 4024 505 4102 plurimum:
526 4020 585 4078 hoc
609 4019 698 4098 quasi
716 4017 869 4076 subsicivo
891 4019 1040 4091 fruamur,
1059 4039 1119 4076 non
1139 4027 1295 4106 tamquam
1315 4022 1358 4080 de-

230 4129 326 4186 bitum
343 4123 546 4204 postulemus;
570 4119 780 4178 multominus
802 4128 903 4178 autem
925 4118 1051 4178 eruditis
1067 4119 1199 4178 officium
1222 4124 1359 4200 praescri·

229 4229 336 4287 bamus
360 4223 563 4284 doctrinarum
580 4243 616 4282 eo
631 4221 669 4280 de
692 4220 841 4278 industria
863 4219 1105 4298 dirigendarum:
1129 4221 1212 4300 quod
1232 4224 1282 4301 qui
1300 4223 1357 4281 fieri
1385 4215 1386 4296 l

229 4329 340 4401 vellet,
363 4346 402 4384 ne
419 4325 567 4384 communi
584 4322 707 4403 quidem
730 4323 812 4380 vitae
829 4322 1017 4395 consuleret,
1039 4323 1111 4402 quia
1130 4324 1254 4382 maximi
1268 4325 1356 4382 cnius-

274 4450 289 4489 e
310 4427 429 4487 inventi
451 4426 527 4486 ratio
548 4426 592 4484 ita
616 4432 790 4501 comparata
812 4430 873 4496 est,
896 4423 1004 4501 utqui
1027 4431 1057 4481 et
1079 4424 1185 4502 quanti
1206 4423 1282 4483 illius
1303 4425 1354 4482 frn-
