2800 4976
766 259 806 320 42

215 471 267 510 sus
288 449 377 508 dicit:
400 449 458 507 Est
478 469 555 508 uuus
574 448 640 508 dies
656 449 734 510 benc
752 459 782 508 et
800 471 838 508 ex
854 452 1028 529 praeceptis
1042 451 1279 530 philosophiae
1293 466 1360 509 actu

215 553 357 630 peccanti
378 551 597 610 immortalitati
617 551 859 630 anteponendus.

302 651 365 712 Sed
398 653 517 730 Regem
552 653 823 731 sapientissimum,
852 673 944 732 quum
980 655 1090 712 artium
1122 653 1265 728 sedem,
1300 673 1363 732 quse

184 771 188 778 '
215 755 307 816 hodie
331 751 504 828 dedicatur,
528 754 673 814 conderet
687 755 828 814 munifice
850 763 882 814 et
902 755 1095 832 supellectile
1115 765 1169 814 sat
1199 756 1315 833 ampla
1333 756 1365 812 in-

216 865 362 928 strueret,
389 857 562 935 accepimns
590 857 667 916 nihil
696 855 779 915 aliud
808 859 994 935 propositum
1020 856 1192 933 habuisse,
1222 879 1321 938 quarn
1343 872 1367 913 ιιι

216 959 332 1020 viribus
360 977 509 1017 armornm
532 957 637 1018 fractis
660 967 691 1017 ct
719 959 924 1032 comminutis,
952 959 1070 1037 imperii
1090 959 1217 1020 finibus
1252 959 1367 1018 dimidiu

216 1059 456 1140 angustioribus,
478 1080 513 1118 re
533 1059 657 1138 publica
672 1060 752 1120 hosti
773 1061 960 1121 atrocissimo
982 1060 1116 1119 obnoxia
1140 1062 1315 1140 malisque
1333 1061 1366 1117 in·

216 1165 350 1224 numeris
366 1169 487 1222 versatav
501 1171 532 1220 et
553 1162 684 1236 afflicta,
708 1162 800 1220 animi
816 1163 912 1235 vires,
935 1162 1045 1241 quibus
1061 1163 1167 1222 omnia
1189 1164 1367 1232 vincuntur,

217 1267 380 1339 excitaret,
411 1264 615 1337 confirmaret,
639 1262 860 1324 corroboraret:
890 1285 950 1345 quo
971 1263 1046 1344 quid
1065 1263 1282 1342 prudentiae,
1306 1263 1368 1344 quid

215 1366 389 1440 liberalius,
417 1363 491 1444 quid
519 1385 592 1443 rege
619 1365 715 1443 magis
743 1364 867 1444 dignum
890 1365 1060 1444 excogitari
1086 1366 1224 1443 potest?
1279 1366 1368 1443 Quen

217 1471 307 1530 linem
326 1487 419 1546 quum
436 1487 492 1526 nos
506 1477 730 1544 spectaremur,
751 1468 816 1528 iere
840 1487 1015 1546 coeperam
1029 1476 1167 1526 nostram
1183 1468 1366 1537 direximus,

216 1591 275 1650 quo
307 1590 375 1630 esse
403 1567 592 1646 dirigendam
627 1570 731 1648 paullo
755 1578 826 1630 autc
856 1571 1005 1648 exposui:
1037 1589 1077 1628 ne
1107 1570 1253 1631 iuvenes
1286 1590 1367 1629 curae

216 1681 340 1733 nostrae
371 1671 522 1730 commissi
553 1680 634 1730 artes
661 1673 756 1731 bonas
785 1673 853 1732 loco
882 1672 1069 1750 opificiorum
1094 1682 1255 1750 quaestus
1282 1691 1365 1731 causa

217 1771 459 1835 exercendorum
482 1771 645 1849 haberent,
673 1783 707 1832 ut
729 1773 768 1832 ad
790 1774 994 1850 cognitionem
1019 1773 1182 1832 sublimem
1208 1778 1365 1852 erigeren-

217 1887 281 1952 tur3
307 1883 341 1934 ut
362 1893 512 1952 generosa
534 1874 662 1934 consilia
685 1884 830 1954 caperent
851 1875 1048 1954 alerentquc3
1069 1883 1102 1934 ut
1122 1876 1272 1954 pietate,
1297 1876 1362 1934 cari-

218 1987 281 2037 tate
304 1977 438 2056 patriae,
466 1976 568 2051 lcgum
589 1978 776 2037 verecundia
798 1977 1020 2052 imbuerentur3
1050 1985 1136 2036 utet
1159 1979 1319 2052 modesti,
1342 1985 1365 2034 et

218 2079 269 2138 ubi
292 2097 368 2156 opus
394 2085 454 2153 est,
481 2077 575 2136 fortes
604 2088 721 2156 essent3
749 2079 881 2158 denique
906 2085 940 2136 ut
962 2079 993 2136 in
1014 2098 1068 2136 suo
1090 2098 1211 2155 genere
1235 2081 1362 2160 quisque

218 2182 290 2242 talis
318 2189 412 2255 osset,
448 2180 570 2260 qualem
599 2200 667 2241 esse
697 2181 811 2242 debere
838 2180 1020 2257 significavi.
1064 2180 1106 2239 Et
1133 2179 1217 2241 favit
1249 2181 1362 2260 coeptis

219 2285 355 2358 fortuna3
386 2281 547 2360 disciplina
568 2292 672 2343 nostra
693 2284 745 2343 vel
767 2283 871 2361 primis
892 2283 980 2340 annis
1005 2281 1197 2342 iuventutem
1220 2285 1359 2363 frequen·

219 2395 281 2446 tem
311 2384 434 2442 allexit:
463 2385 515 2464 qni
541 2384 622 2442 bello
648 2405 718 2443 mox
743 2385 863 2443 avocati
893 2385 1036 2442 virtutem
1057 2404 1142 2443 suam
1170 2384 1361 2445 facinoribus

220 2488 352 2565 egregiis
383 2487 623 2565 comprobarunt.
667 2486 795 2546 Illorum
819 2507 889 2564 pars
918 2485 1049 2544 maxima
1072 2487 1154 2544 fama
1176 2507 1264 2546 nnuc
1294 2486 1358 2544 frui·

219 2599 284 2665 tur,
318 2588 358 2647 ad
387 2588 590 2667 quadraginta
617 2590 648 2648 in
677 2589 800 2668 proeliis
833 2597 886 2648 aut
912 2587 1049 2648 laborum
1076 2588 1308 2669 vulnerumque
1335 2589 1358 2644 vi

220 2701 344 2752 mortem
366 2690 524 2749 honestam
546 2691 699 2765 obierunt,
721 2690 831 2770 quibus
850 2711 904 2750 vos
926 2690 1089 2768 quotannis
1111 2688 1225 2750 decore
1249 2709 1358 2751 sumum

219 2795 345 2854 inferias
370 2793 465 2867 fertis,
498 2813 553 2851 nos
575 2792 698 2851 taudem
720 2792 884 2872 aliquando
910 2792 1124 2851 monimentum
1146 2795 1355 2863 excitabimus,
1387 2843 1388 2846 ,

222 2917 282 2975 quo
306 2894 478 2972 exemplum
492 2894 683 2972 praeclarum
704 2895 877 2972 posteritati
894 2892 1041 2953 tradatur.
1084 2893 1195 2973 Neque
1221 2895 1294 2954 illos
1315 2914 1355 2953 so-

221 2999 267 3057 los
290 2998 443 3072 lugemus:
467 3017 528 3054 nou
550 2996 656 3056 vident
679 2997 758 3056 diem
773 2997 854 3056 hunc
876 2996 1091 3054 faustissimum
1112 2995 1355 3065 Willdenowius,

221 3099 375 3173 Fiobtius,
397 3099 531 3172 Rcilins,
555 3099 771 3179 Klaprothius:
797 3100 874 3158 haee
896 3098 1011 3156 lumina
1025 3097 1207 3171 litterarum,
1235 3117 1355 3178 quorum

220 3221 330 3260 nomen
349 3220 405 3279 per
427 3220 481 3258 ora
502 3201 655 3259 hominum
678 3200 777 3273 volat,
798 3200 942 3259 memoria
963 3197 1138 3276 pectoribus
1159 3201 1277 3260 nostris
1295 3220 1354 3259 eon·

220 3304 341 3379 signata
372 3309 433 3375 est,
468 3301 578 3360 invidit
606 3301 694 3360 nobis
724 3302 860 3373 fortuna,
893 3301 944 3359 vel
969 3301 1044 3379 ipsis
1070 3299 1151 3359 hunc
1181 3300 1275 3361 diem.
1320 3301 1356 3359 Ar

222 3402 368 3483 quamdiu
386 3425 435 3463 res
452 3403 577 3484 publica
592 3423 631 3461 ex
647 3402 746 3462 alieno
767 3401 889 3461 arbitrio
908 3400 1076 3482 pendebat,
1093 3403 1263 3479 precariam
1286 3407 1355 3463 inter

221 3507 326 3564 hostes
348 3507 479 3565 animam
503 3504 703 3564 ducebamus:
726 3524 817 3584 quum
832 3505 1051 3564 Germanorum
1067 3503 1192 3564 libertas
1206 3505 1355 3565 'inchoata

223 3615 284 3678 est,
312 3616 375 3667 tum
399 3607 519 3667 demum
545 3611 747 3666 res'nostrae
774 3614 844 3665 sunt
877 3606 1071 3666 securitatem
1097 3615 1216 3668 nactae.
1262 3608 1353 3687 Igitur

219 3709 310 3768 bellis
340 3710 457 3768 exactis
485 3709 596 3768 laetius
623 3709 836 3779 effloruerunt,
861 3727 919 3766 nec
940 3707 1134 3767 metuendum
1157 3717 1265 3767 estne
1293 3729 1353 3769 con·

219 3809 337 3886 cidant,
361 3810 432 3869 dum
452 3810 510 3870 hoc
532 3831 606 3888 rege
628 3810 811 3888 gaudemus,
835 3810 1004 3869 litterarum
1026 3810 1173 3869 bonarum
1194 3809 1350 3872 libertatis·

220 3889 279 3990 quc
312 3919 342 3969 et
368 3911 537 3970 honestatis
560 3911 683 3970 vindico
712 3920 742 3970 et
765 3920 979 3971 conservatore
1005 3912 1264 3987 constantissimo,
1291 3913 1351 3971 dun

219 4021 252 4070 tu
274 4010 362 4070 uobis
384 4031 510 4088 praees,
533 4013 580 4070 vir
597 4011 856 4073 excellentissime
881 4013 1075 4072 consiliorum
1096 4014 1247 4090 regiorum
1270 4014 1348 4072 mini·

218 4121 296 4182 ster,
320 4112 373 4190 qui
394 4131 466 4170 cnra
488 4121 551 4170 tam
572 4112 707 4190 benigna
729 4122 760 4172 et
780 4114 926 4192 prudenti
942 4114 1077 4174 scholam
1099 4122 1234 4174 nostram
1250 4115 1349 4174 tutaris

218 4233 255 4274 ac
279 4215 431 4291 protegis;
459 4212 530 4272 dum
554 4223 671 4274 nosmet
696 4215 754 4292 ipsi
781 4225 812 4275 et
841 4237 912 4288 vos,
943 4217 1178 4288 commilitones,
1200 4216 1233 4274 in
1255 4216 1347 4274 officio

218 4316 339 4375 erimus.
384 4315 454 4374 Scio
488 4314 638 4395 quaedam
666 4315 753 4376 nobis
778 4316 915 4390 obstare,
944 4335 1040 4396 quae,
1068 4318 1095 4375 si
1118 4315 1224 4388 velim,
1252 4315 1346 4376 dicere

216 4435 355 4497 possum:
377 4435 435 4474 nec
457 4435 567 4475 vereor
590 4415 804 4492 offensionem,
827 4437 919 4498 quum
940 4419 1018 4476 inter
1041 4438 1096 4477 nos
1119 4417 1233 4491 dicam,
1256 4427 1286 4476 et
1307 4419 1344 4477 si-
