2800 4976
757 270 779 329 a

670 357 867 364 ψ...-

1393 384 1394 428 l

201 479 335 540 unquam
352 479 418 534 rem
433 457 586 537 publicam
600 467 652 517 aut
669 458 784 518 firmius
803 457 1007 529 constitutam,
1030 463 1082 514 aut
1103 456 1216 514 civium
1229 456 1344 515 virtute

201 571 263 620 tarn
281 559 446 619 domestica
462 580 553 639 qnam
569 560 693 619 militari
709 558 790 618 domi
805 559 940 638 forisque
955 559 1052 635 magis
1070 557 1222 634 insignem
1240 556 1345 616 video.

202 660 294 739 Quod
322 662 432 739 partim
458 671 586 721 naturae
613 660 767 720 debebant
795 660 959 734 beneficio,
989 679 1068 739 quae
1091 658 1128 717 iis
1154 678 1206 717 eos
1227 658 1346 716 artibus
1393 647 1394 688 Τ

200 763 412 834 instruxisset,
440 771 472 822 ut
491 762 531 821 ad
553 783 645 842 puros
675 771 706 822 et
734 782 857 822 severos
883 781 981 820 mores
1003 761 1067 818 nati
1094 759 1229 839 factique
1257 758 1346 818 vide·

200 873 320 940 rentur,
338 864 448 943 partim
469 864 639 941 sapientiae
659 863 861 941 legislatoris,
885 882 947 941 qua
966 869 1160 939 prospectum
1186 869 1283 934 esset,
1303 881 1345 920 ne

200 965 323 1045 quaudo
345 986 364 1023 a
384 965 477 1043 prisci
492 965 575 1024 vitae
586 966 707 1043 generis
725 965 918 1044 simplicitate
935 961 1149 1022 desciscerent.
1178 960 1240 1038 Qui
1251 982 1346 1040 quum

200 1067 402 1145 intelligeret,
425 1066 502 1125 nihil
517 1086 616 1148 aeque
631 1065 670 1125 ad
691 1065 872 1126 felicitatem
885 1064 1055 1123 mortalium
1078 1063 1234 1136 conferre,
1252 1083 1345 1144 quam
1395 1082 1396 1148 p

200 1169 225 1227 si
247 1170 285 1226 iis
313 1176 469 1227 uterentur
491 1167 628 1246 legibus,
657 1188 736 1248 quae
760 1166 854 1226 indoli
881 1167 1028 1245 cuiusque
1057 1174 1260 1243 congruerent
1281 1185 1344 1223 ma·

201 1270 297 1345 xime;
320 1268 538 1341 Doriensibus,
563 1270 681 1329 nationi
702 1270 816 1347 agresti
835 1277 864 1328 et
887 1269 997 1343 durae,
1019 1267 1169 1326 montibus
1192 1265 1343 1339 colendis,

200 1370 358 1430 venationi
377 1370 521 1449 belloque
551 1371 686 1448 gerendo
713 1379 869 1445 assuetae,
895 1370 938 1428 ita
960 1370 1047 1449 quasi
1070 1367 1110 1427 ad
1133 1388 1270 1427 normam
1291 1367 1342 1427 de-

201 1472 322 1548 scripsit
345 1491 441 1548 genus
464 1472 564 1546 vitae,
586 1481 619 1532 ut
641 1492 742 1532 eorum
761 1471 862 1530 studia
885 1473 1011 1550 antiqua
1029 1469 1069 1528 ad
1090 1469 1200 1528 bonam
1223 1469 1343 1547 frugem
1396 1505 1397 1520 η

201 1571 360 1649 dirigeret,
384 1573 538 1650 ingenium
562 1594 665 1634 eornm
693 1583 836 1634 constans
857 1582 888 1634 et
907 1573 1023 1632 firmum
1046 1572 1252 1645 confirmaret,
1273 1592 1343 1652 par·

200 1675 359 1734 simoniam
382 1674 500 1752 priscae
522 1677 632 1735 aetatis
656 1684 866 1748 conservaret,
895 1685 925 1734 et
946 1673 1091 1733 ferociam
1111 1673 1233 1732 insitam
1256 1675 1343 1732 insti·

200 1776 273 1836 tutis
297 1784 359 1834 tam
383 1777 477 1836 sacris
502 1797 592 1856 quam
613 1777 749 1856 profanis
777 1785 976 1856 temperaret,
1004 1783 1096 1854 atque
1125 1775 1162 1834 ab
1188 1776 1343 1835 intestinis

201 1876 374 1952 discordiis,
394 1877 503 1958 quibus
525 1885 596 1938 ante
613 1879 821 1952 vexabantur,
843 1878 875 1937 iu
888 1878 992 1938 hostes
1009 1877 1197 1956 potissimum
1214 1897 1342 1936 conver·
1397 1881 1398 1886 ’

199 1987 287 2038 teret.
319 1979 407 2038 Idem
428 1999 502 2038 vero
524 1980 730 2058 perspiciebat
748 1979 999 2059 prudentissime,
1019 2000 1081 2038 non
1097 1998 1187 2056 posse
1201 1978 1342 2038 homines

201 2081 364 2156 contineri,
391 2080 464 2160 quin
489 2101 585 2141 novas
613 2081 742 2142 subinde
764 2083 940 2142 molirentur
968 2102 1031 2156 res,
1060 2081 1119 2140 nisi
1141 2081 1272 2140 numinis
1296 2080 1341 2138 di·

200 2183 264 2241 vini
286 2182 460 2259 maiestate,
483 2202 575 2262 quam
598 2193 775 2244 vererentur
795 2182 920 2243 laedere
943 2192 996 2243 aut
1022 2183 1177 2257 minuere,
1203 2184 1341 2242 sancire·
1398 2251 1399 2264 χ

199 2294 248 2343 tur
268 2284 336 2358 lex,
358 2293 392 2342 ut
414 2304 533 2363 semper
553 2295 706 2346 maneret:
735 2284 910 2364 idcircoque
934 2284 974 2343 ad
997 2285 1141 2364 Pythium
1163 2283 1343 2362 Apollinem

199 2385 316 2445 rettulit
334 2386 404 2445 illas
426 2386 558 2462 rhetras,
579 2386 688 2466 quibus
711 2395 876 2465 praecepta
899 2385 1080 2466 disciplinae
1101 2384 1242 2463 publicae
1267 2407 1341 2445 con-

198 2486 387 2564 tinebantur,
413 2496 443 2548 et
468 2508 560 2568 quum
586 2488 618 2547 in
646 2489 715 2548 aliis
739 2487 912 2548 civitatibus
936 2488 1022 2566 leges
1045 2486 1188 2547 darentur
1210 2489 1241 2547 in
1262 2497 1341 2548 tem·

198 2609 271 2667 pus,
293 2597 328 2648 ut
353 2590 421 2648 tolli
442 2598 582 2668 possent,
604 2610 695 2670 quum
720 2591 847 2670 primum
869 2590 1036 2670 placuisset
1055 2589 1183 2668 populo,
1206 2589 1342 2667 Spartae

199 2710 236 2750 ea
255 2690 434 2750 condicione
452 2690 536 2764 tulit,
558 2700 592 2750 nt
605 2712 760 2771 nunquam
781 2713 841 2750 nou
862 2692 1017 2766 valerent,
1038 2710 1192 2771 nunquam
1206 2691 1343 2751 rescindi

197 2800 330 2869 possent.
372 2793 421 2851 Ita
449 2793 578 2866 factum,
602 2801 636 2852 ut
663 2792 831 2854 diutissime
858 2793 982 2853 duraret
1009 2803 1095 2852 vetus
1122 2793 1168 2852 rei
1194 2793 1342 2872 publicae

197 2894 308 2967 forma,
330 2913 389 2953 nec
410 2889 537 2974 usquam
559 2895 748 2972 religiosius,
771 2915 860 2974 quam
878 2896 1022 2973 Spartae,
1045 2894 1115 2972 lege
1131 2893 1342 2972 obligarentur

197 2995 289 3054 animi
311 2995 432 3054 civium.
477 2994 640 3055 Civitatem
661 3005 763 3055 autem
793 2997 905 3074 optimo
934 2997 998 3055 iure
1021 3017 1081 3054 nou
1100 3015 1203 3055 omues
1221 2996 1340 3055 habue-

195 3105 280 3172 runt,
304 3096 358 3157 sed
379 3095 497 3157 nobiles
517 3098 582 3156 sive
603 3098 762 3176 Spartani,
787 3099 887 3177 stirpis
909 3098 1097 3176 potissimum
1118 3098 1259 3172 Doricae,
1284 3100 1340 3177 qui

197 3200 228 3257 in
253 3197 328 3258 urbe
348 3197 459 3278 Sparta
481 3197 666 3258 domicilium
686 3200 839 3274 fixerant,
869 3208 898 3258 et
917 3198 1079 3278 prudentia
1101 3220 1137 3258 ac
1159 3199 1339 3259 fortitudine

195 3299 408 3379 praestabant:
431 3301 525 3360 ceteri
540 3301 679 3360 Lacones
696 3301 727 3358 in
743 3299 862 3378 oppidis
884 3303 1026 3380 agrisque
1049 3301 1211 3379 degebant,
1230 3302 1339 3380 specie

195 3402 299 3476 liberi,
322 3423 355 3460 re
378 3402 446 3482 ipsa
464 3401 601 3462 subiecti.
646 3403 704 3461 His
726 3423 830 3480 agrum
849 3403 1035 3461 Laconicum
1056 3404 1099 3461 ita
1117 3402 1247 3462 divisum
1266 3423 1338 3462 esse

195 3512 277 3563 certo
300 3503 432 3584 quodam
454 3511 591 3583 tempore
613 3503 749 3577 tradunt,
771 3513 803 3563 ut
823 3505 947 3563 sortium
970 3525 1080 3563 novem
1103 3505 1187 3562 milia
1208 3503 1336 3582 Sparta-

194 3606 255 3680 nis,
280 3605 453 3665 Laconibus
473 3606 596 3682 triginta
619 3607 717 3679 milia,
746 3605 885 3683 singulae
913 3605 1040 3683 singulis
1063 3605 1196 3665 tributae
1213 3614 1336 3664 essent:

193 3726 273 3766 neve
292 3707 369 3766 alter
385 3707 481 3766 altero
500 3706 588 3766 ditior
602 3725 737 3787 uuquam·
752 3706 911 3780 evaderet,
929 3708 1078 3766 sancitum
1101 3717 1161 3781 est,
1181 3717 1213 3766 ut
1228 3727 1337 3784 agrum

193 3828 296 3888 neque
316 3809 374 3868 emi
393 3829 451 3868 nec
471 3808 579 3883 vendi,
599 3829 657 3868 nec
676 3808 782 3867 donari
801 3828 859 3868 uec
880 3809 994 3887 legari,
1015 3830 1073 3868 nec
1094 3809 1190 3868 dividi
1211 3809 1335 3868 liceret:

193 3909 364 3968 hereditate
392 3909 432 3968 ad
459 3910 554 3969 filium
582 3919 655 3969 natu
681 3911 845 3968 maximum
874 3911 993 3988 integer
1020 3911 1185 3988 transibat,
1211 3909 1336 3970 filiabus

194 4009 295 4070 dotem
318 4010 384 4069 dari
411 4011 620 4089 interdictum
648 4010 730 4070 uude
758 4011 850 4070 binae
877 4012 1020 4090 pluresve
1050 4022 1147 4072 sortes
1175 4011 1215 4070 ad
1241 4033 1335 4072 unum

192 4113 354 4190 pervenire
371 4112 537 4191 antiquitus
549 4134 608 4172 non
628 4121 802 4193 potuerunt.
828 4113 947 4191 Regum
962 4116 1098 4196 potentia
1117 4113 1262 4173 limitibus
1286 4125 1348 4173 ar·'

192 4213 313 4273 tissimis
329 4215 570 4293 circumscripta:
594 4193 797 4295 prororum,
819 4215 925 4293 populi
942 4224 1088 4290 tutorum,
1113 4217 1225 4293 exigua
1245 4217 1334 4275 initio

193 4316 372 4391 auctoritas,
395 4325 561 4396 temporum
577 4326 667 4376 aucta
686 4315 773 4376 labe:
796 4318 929 4377 Senatus
951 4316 1178 4396 duodetriginta
1190 4318 1332 4392 virorum,

192 4417 278 4476 cuius
296 4425 368 4477 ante
389 4418 577 4498 Ephororum
598 4418 833 4479 dominationem
855 4439 970 4478 summa
997 4419 1098 4479 fuerat
1118 4428 1269 4499 potestas,
1293 4441 1333 4480 ex
