2800 4976
589 273 624 333 lt

23 462 125 520 hostis
150 462 281 538 generis
301 461 441 534 hnmani,
467 469 502 520 nt
523 461 655 534 litteras,
683 469 716 521 ut
738 460 915 522 libertatem
934 464 1101 524 animorum
1124 465 1182 524 sibi

23 564 248 642 periculosam
273 563 473 643 opprimeret,
500 583 561 622 non
591 564 687 622 solum
716 563 856 624 doctores
886 564 1051 644 disciplina
1081 567 1180 644 rigida

23 666 191 741 cohibuit,
225 685 328 724 verum
353 665 443 723 etiam
473 673 507 724 ut
538 665 705 726 dividendo
736 667 913 744 imperaret,
947 666 1178 746 philosophiam,

23 769 244 847 theologiam,
274 767 347 826 iuris
382 767 564 844 doctrinam,
597 775 692 827 artem
723 765 872 828 medicam
898 767 997 827 voluit
1023 770 1177 830 seiunctas

23 891 109 944 esse,
136 870 238 929 sicuti
259 869 411 947 opificium
434 869 597 928 tentorium
619 890 638 928 a
660 869 773 928 sutorio
793 877 825 929 et
846 869 948 929 fabrili
969 868 1098 930 divisum
1116 879 1178 942 est3

22 974 99 1030 hinc
117 971 363 1030 universitatem
384 970 564 1030 litterariam
579 972 610 1030 in
626 971 746 1031 scholas
768 971 904 1048 singulas
925 971 1001 1031 locis
1021 981 1178 1052 separatas

24 1074 231 1152 dispertivit,
258 1081 400 1152 artesque
432 1075 519 1152 quasi
544 1074 574 1132 in
603 1073 719 1132 insulas
748 1074 899 1151 seposuit:
933 1075 985 1154 qui
1008 1095 1090 1134 nunc
1112 1076 1178 1154 ipse

24 1177 54 1233 in
84 1196 167 1234 saxo
195 1174 315 1234 Oceani
337 1176 537 1234 consenescit.
581 1175 675 1234 Porro
696 1175 839 1256 quoniam
859 1175 951 1234 animi
974 1177 1116 1236 iuvenum
1138 1177 1187 1236 ad'

24 1278 215 1337 libertatem
241 1286 400 1353 emergunt
422 1277 595 1350 difficilius,
618 1278 645 1336 si
666 1275 815 1357 quidquid
838 1275 1017 1337 discendum
1040 1288 1072 1338 et
1086 1300 1179 1357 agen·

26 1378 100 1437 dum
131 1388 203 1454 est,
230 1380 408 1458 imperatur,
436 1387 467 1438 et
491 1380 555 1438 vita
575 1379 718 1438 universa
737 1385 820 1438 metu
841 1380 977 1457 magistri
1003 1380 1179 1458 cohibetur;

28 1483 58 1539 in
83 1481 262 1541 Germania
284 1481 533 1541 universitatibus
556 1481 726 1540 scholarum
747 1481 918 1540 libertatem
941 1483 1031 1540 ctiam
1054 1483 1179 1542 vivendi

27 1583 211 1662 quandam,
236 1605 326 1663 quam
349 1581 554 1642 academicam
578 1602 689 1643 vocare
712 1584 811 1642 solent
834 1584 982 1661 varieque
1011 1593 1103 1665 atque
1132 1587 1177 1644 in·

29 1685 155 1744 terdum
187 1684 320 1745 deterius
348 1687 599 1764 interpretantur,
629 1706 804 1746 concessam
830 1683 984 1745 videmus:
1018 1686 1076 1744 sibi
1097 1688 1178 1766 quis·

30 1809 109 1869 que,
136 1789 190 1847 cui
211 1809 245 1847 se
264 1788 420 1847 doctrinae
444 1787 592 1868 applicet,
615 1809 675 1868 quo
698 1797 828 1847 mentem
850 1786 927 1861 alat,
950 1808 1041 1866 quam
1063 1797 1178 1848 sectam

31 1893 116 1949 vitae
147 1891 304 1964 instituat,
341 1889 442 1967 eligit:
476 1910 531 1968 pro
561 1889 708 1971 obsequio
733 1890 872 1962 militari,
907 1889 989 1968 quod
1015 1888 1096 1950 idem
1124 1891 1177 1950 ille

31 2003 189 2073 tyrannus
222 1978 335 2052 Gor-sus
368 1991 615 2051 adolescentibus
648 1991 792 2052 studiosis
824 1992 1011 2063 iniunxerat,
1041 1995 1177 2070 paternis

35 2096 176 2154 consiliis
204 2093 632 2174 imperioqueiurisdictionis
660 2095 841 2152 auctoritate
870 2094 1044 2153 confirmato
1066 2114 1177 2172 regun-

32 2205 94 2255 tur:
120 2197 259 2276 denique
275 2217 329 2255 nos
345 2204 503 2276 parentum
526 2195 593 2254 loco
614 2217 730 2271 snmus3
753 2216 823 2268 vos,
847 2195 1066 2254 commilitones
1083 2197 1175 2255 caris-

34 2300 116 2374 simi,
140 2320 203 2358 non
220 2308 281 2356 tam
297 2297 437 2376 discipuli
454 2317 545 2376 quam
561 2296 728 2356 familiares
747 2317 783 2355 ac
801 2296 904 2369 liberi,
929 2298 981 2376 qui
999 2305 1031 2354 nt
1050 2296 1174 2357 aliber-

34 2408 97 2460 tate
115 2421 231 2460 nomen
247 2401 444 2474 invenerunt,
466 2400 510 2458 sic
533 2397 645 2458 debent
666 2398 834 2458 liberaliter
856 2397 971 2458 haberi.
996 2397 1059 2458 Sed
1080 2398 1173 2458 liceu-

35 2503 78 2559 tia
108 2501 353 2582 comprimenda:
388 2502 413 2561 si
441 2503 508 2560 lieri
534 2509 649 2579 potest,
676 2499 881 2560 admonitione
908 2509 939 2560 et
963 2501 1100 2576 hortatu3
1129 2501 1176 2560 sin

37 2606 152 2681 minus,
175 2604 297 2663 articuli
318 2603 425 2662 tumidi
446 2605 498 2663 vel
516 2603 586 2662 tabe
608 2602 772 2662 insanabili
788 2603 890 2662 affecti
912 2604 993 2661 ferro
1014 2602 1175 2664 resecandi

38 2715 116 2765 sunt.
162 2707 227 2766 Iam
245 2708 288 2764 ita
308 2707 438 2766 instituti
457 2715 487 2766 et
509 2705 624 2765 exculti
641 2703 693 2763 ubi
715 2704 837 2764 adrem
859 2703 1013 2785 publicam
1032 2713 1175 2784 artesque

38 2807 183 2868 honestas
202 2807 391 2868 exercendas
413 2809 612 2881 accesseritis,
629 2807 746 2866 fructus
766 2806 944 2867 eruditionis
964 2827 1020 2886 per
1034 2827 1088 2866 vos
1105 2814 1176 2866 sunt

39 2911 204 2988 spargendi
226 2920 256 2971 et
277 2912 308 2969 in
331 2909 507 2970 beatitatem
531 2931 621 2990 quum
644 2910 776 2968 civitatis
799 2909 893 2988 ipsius
910 2916 972 2967 tum
988 2909 1174 2987 singulorum

40 3011 227 3086 proferendi:
257 3011 383 3072 libertas
408 3014 589 3085 animorum,
618 3031 708 3092 quam
727 3011 808 3070 bona
829 3031 877 3069 res
899 3009 1021 3089 publica
1049 3011 1174 3070 maximi

41 3112 125 3189 facit,
157 3113 236 3194 quod
260 3115 325 3173 sine
347 3113 401 3172 illa
422 3135 462 3172 ne
486 3114 585 3173 civilis
606 3111 729 3192 quidem
754 3112 877 3171 retineri
899 3119 1015 3191 potest,
1037 3111 1173 3171 dissemi-

42 3216 156 3289 nanda3
182 3217 314 3275 numinis
337 3215 435 3274 cultus
455 3216 604 3293 genuinus
626 3212 866 3295 promovendus3
886 3213 971 3273 dotes
994 3214 1101 3287 animi,
1126 3213 1175 3272 cui

42 3317 119 3376 vires
139 3319 274 3395 corporis
293 3317 444 3391 serviunt,
462 3317 681 3397 explicandam
705 3314 903 3395 propaganda
920 3315 1049 3389 institia,
1069 3315 1174 3395 aequi-

44 3425 101 3492 tas,
129 3421 225 3478 virtus
255 3419 413 3495 nniversa;
447 3420 569 3479 miseria
596 3421 718 3497 generis
742 3417 881 3490 humani,
903 3417 1038 3489 inscitia,
1061 3417 1174 3496 inopia,

44 3518 232 3580 imbecillitas
263 3541 434 3600 corporum,
463 3521 509 3580 vis
537 3521 705 3579 morborum
735 3527 787 3577 aut
807 3517 1033 3597 propulsandae
1057 3523 1109 3578 aut
1130 3517 1174 3577 le-

46 3621 170 3682 vandae.
216 3624 266 3682 Ex
289 3622 389 3695 vobis,
419 3623 509 3681 ctiam
531 3623 644 3682 bellica
665 3641 762 3701 nuper
784 3620 882 3698 gloria
905 3619 1091 3698 insignibus,
1113 3619 1173 3677 iam

45 3725 122 3799 pacis
142 3733 318 3784 ornamenta
337 3732 487 3803 petentur.
532 3725 569 3782 In
590 3723 699 3803 quibus
720 3723 851 3800 negotiis
873 3722 1039 3780 utilissimis
1059 3721 1174 3780 utinam

47 3843 80 3881 ne
101 3848 118 3884 a
137 3835 221 3886 recto
243 3827 367 3900 itinere,
390 3846 450 3905 quo
464 3826 524 3884 nisi
546 3845 593 3884 me
614 3825 714 3883 omnia
735 3824 860 3899 fallunt,
885 3821 1070 3882 contendere
1087 3823 1173 3901 peni·

47 3931 88 3985 tus
105 3928 279 4002 imbibistis,
301 3927 471 3987 deflectatis
493 3947 641 4007 unquam,
669 3925 899 4001 commilitones,
923 3926 1038 3984 utinam
1058 3945 1098 3984 ne
1122 3905 1175 3984 ex·

47 4023 214 4088 lrortaticnis
244 4038 367 4088 nostrae
396 4030 598 4088 immemorem
628 4027 766 4101 ambitio,
796 4028 941 4100 avaritia,
972 4027 1072 4086 malae
1094 4035 1175 4086 artes

47 4133 244 4190 transversum
263 4151 446 4212 quemquam
468 4140 569 4208 agant.
598 4129 701 4188 Nolite
718 4128 873 4203 oblivisci,
896 4127 978 4207 quod
1000 4128 1088 4186 horno
1113 4148 1175 4186 nou

49 4226 74 4284 in
92 4231 242 4291 umbratili
264 4233 346 4291 vitae
369 4252 484 4310 genere
507 4231 668 4304 educatus,
692 4249 753 4288 non
774 4251 873 4290 rerum
896 4228 1097 4306 gerendarum
1120 4229 1173 4286 im·

47 4333 167 4406 peritus,
196 4332 250 4392 sed
276 4353 341 4392 rem
370 4333 523 4411 publicam
552 4340 582 4392 et
606 4333 745 4391 fortunae
767 4330 995 4390 vicissitudines
1018 4337 1174 4408 expertus,

48 4432 119 4505 quod
130 4433 253 4497 Tullius
270 4442 402 4495 aetatem
418 4435 583 4494 exercitam
601 4441 632 4492 et
647 4431 898 4512 occupationibus
918 4429 1054 4490 deditam
1070 4449 1171 4489 emen-
