2800 4976
580 256 618 316 17

20 417 248 494 scientissima,
274 424 299 481 si
322 425 510 486 exercituum
534 427 685 502 virtutem,
707 427 899 508 prudentiam
920 429 1045 505 ducum,
1068 441 1111 494 tot
1132 454 1169 494 ae

17 530 111 581 :antas
137 524 310 596 victorias,
338 524 471 606 denique
497 526 572 586 belli
596 529 767 606 gravissimi
790 529 1053 614 crudelissimique
1075 553 1166 595 even·

16 642 70 680 aum
81 632 151 682 tam
165 645 352 705 prosperum
366 627 589 708 gloriosumque
603 648 664 688 uno
676 630 764 710 quasi
782 641 947 710 conspectu
961 633 1167 714 complectar?

13 723 95 784 tlunc
121 728 215 786 enim
239 727 450 787 immortaliter
462 727 638 788 laetandum
652 738 682 789 et
699 732 912 792 exsultandum
932 733 1063 810 videtur,
1085 729 1166 796 uirnc

12 823 88 883 dexo
114 847 225 904 genu,
252 829 392 888 manibus
410 828 450 888 ad
472 829 589 888 eaelum
612 831 722 904 tensis,
745 853 856 893 numan
878 833 1014 896 divinum
1037 835 1164 898 adoran·

10 925 92 999 dum,
129 930 226 988 cuius
250 928 400 990 beneficio
423 939 509 990 tanta
538 929 715 992 mortalibus
743 952 823 993 nova
849 943 879 994 et
902 936 1022 994 iamiam
1044 937 1165 997 insueta

10 1025 150 1088 felicitas
187 1032 362 1108 contigerit.
406 1031 515 1111 Neque
541 1031 647 1106 aliter,
676 1041 710 1092 ut
735 1053 792 1112 ego
819 1035 956 1122 arbitror,
986 1057 1041 1096 vos
1063 1039 1163 1097 allecti

10 1130 90 1189 estis.
147 1132 266 1211 Itaque
292 1151 383 1212 quum
409 1134 560 1192 nemiuem
587 1154 625 1194 aa
647 1136 879 1214 exspectatione
902 1137 962 1196 huc
981 1139 1163 1200 convenisse

9 1229 156 1304 arbitrer,
184 1243 219 1291 ut
239 1253 302 1292 rem
321 1233 489 1312 quamlibet
504 1233 692 1308 edoceretur,
711 1235 765 1295 sed
788 1244 821 1294 ut
842 1256 950 1298 sensus
971 1247 1090 1298 nestros
1113 1259 1162 1298 co·

9 1344 182 1407 gnosceret
210 1336 332 1416 suisque
362 1336 517 1412 misceret,
543 1333 622 1395 'nihil
649 1336 687 1396 ab
710 1336 767 1396 hoc
787 1336 836 1398 dia
857 1339 1027 1419 animisque
1051 1341 1161 1400 civium

8 1433 46 1490 ad
70 1437 187 1514 magni
206 1438 302 1513 Regis
315 1437 424 1496 merita
438 1437 528 1496 unice
540 1437 666 1498 intentis
679 1438 776 1516 magis
792 1437 925 1498 alienum
941 1438 1050 1516 habeo,
1072 1461 1162 1522 quam

9 1546 179 1616 sumptum,
203 1547 238 1596 ut
250 1538 336 1613 solet,
353 1559 391 1598 ex
408 1538 513 1618 aliquo
529 1538 687 1598 doctrinae
702 1540 803 1618 capite
816 1549 1035 1618 argumentum.
1053 1541 1160 1602 Postu·

8 1636 64 1696 lari
93 1661 114 1698 a
147 1660 199 1699 me
223 1639 300 1698 illud
325 1640 432 1714 video,
463 1638 545 1720 quod
567 1640 659 1718 louge
681 1648 728 1700 est
753 1639 980 1716 difficillimum,
1001 1651 1036 1702 ut
1062 1662 1161 1703 rerum

12 1739 173 1800 Frisleriei
193 1741 339 1800 Guilelmi
362 1743 506 1821 auspiciis
529 1741 647 1801 fortiter
666 1741 860 1822 feliciterque
879 1750 1031 1820 gestarum
1049 1763 1160 1804 memo·

10 1841 55 1898 ria
77 1852 241 1917 revocata,
264 1852 408 1922 quantum
430 1843 483 1902 ille
499 1863 568 1902 sese
589 1844 783 1921 praestiterit,
806 1850 922 1922 quanta
943 1863 962 1902 a
982 1845 1071 1905 nobis
1092 1865 1160 1924 gra·

12 1941 62 2015 tia,
87 1953 210 2024 quanta
231 1945 430 2018 verecundia,
455 1953 570 2024 quanta
588 1946 703 2023 pietate
725 1945 956 2026 prosequendus
982 1947 1036 2019 sit,
1059 1945 1162 2008 verbis

12 2047 163 2118 gravibus
188 2067 224 2106 ac
246 2045 409 2106 luculentis
431 2055 669 2107 commonstrem.
712 2047 756 2106 At
772 2047 877 2107 hercle
898 2048 1002 2108 nescio
1023 2067 1062 2107 an
1078 2049 1161 2128 quis-

15 2164 104 2222 quam
130 2148 205 2206 huic
228 2147 411 2226 amplissimo
434 2149 551 2207 muneri
573 2147 750 2208 sustinendo
771 2150 867 2226 magis
889 2168 980 2229 quam
997 2149 1161 2230 egoimpar

16 2247 169 2322 videatur,
195 2250 247 2330 qui
268 2270 328 2308 non
350 2269 417 2309 meo
441 2250 566 2309 consilio
588 2249 643 2310 sed
665 2259 777 2323 vestro,
799 2250 917 2325 Patres,
939 2251 1044 2328 regiae
1066 2250 1159 2310 virtu-
1245 2315 1252 2328 ‚

16 2349 53 2405 tis
76 2371 193 2431 praeco
216 2353 396 2411 constitutus
418 2371 494 2411 sum.
526 2350 645 2428 Quodsi
666 2371 716 2412 res
731 2371 857 2430 magnas
874 2351 987 2412 diserte
1005 2351 1160 2412 celebrare

17 2455 123 2512 merite
148 2451 278 2533 arduum
298 2453 435 2526 habetur,
456 2452 530 2532 quid
553 2453 652 2512 dicam
673 2453 711 2513 de
734 2453 809 2528 illis,
832 2473 911 2532 quae
926 2451 1071 2512 videntur
1091 2460 1160 2530 post

20 2549 172 2616 hominum
202 2555 375 2614 memoriam
399 2575 466 2636 esse
486 2555 661 2614 maximae?
698 2555 921 2636 quibusquam
943 2553 1160 2612 Demosthenis

21 2653 150 2716 alicuius
179 2664 233 2715 aut
255 2654 411 2716 Ciceronis
436 2656 643 2736 eloquentiam
664 2658 717 2716 vix
738 2657 893 2717 arbitreris
915 2655 1072 2729 sufficere,
1089 2673 1160 2712 num

22 2753 173 2817 bominem
203 2777 242 2817 ex
264 2757 370 2816 umbra
391 2758 565 2832 litterarum,
580 2760 612 2818 in
635 2759 785 2818 contionis
807 2757 907 2818 lucem
931 2757 1011 2816 hanc
1028 2755 1160 2815 clarissi-

22 2877 96 2918 mam
126 2859 306 2940 productum
331 2879 431 2920 rerum
460 2870 612 2940 gestarum
644 2859 884 2938 magnitudinem
912 2878 1046 2939 aequare
1070 2855 1159 2916 dictis

22 2977 107 3033 posse
133 2961 284 3022 censeas?
305 2961 456 3040 Quocirca
478 2983 569 3043 quum
587 2963 766 3040 intelligam,
790 2980 855 3020 eam
873 2960 947 3018 mihi
961 2960 1082 3018 veniam
1096 2956 1160 3016 dari

23 3079 77 3122 non
93 3083 203 3142 posse,
224 3084 264 3124 ne
283 3085 347 3123 rem
362 3065 572 3141 gravissimam
591 3063 761 3142 aggrediar,
783 3061 865 3120 idem
879 3081 951 3121 vero
968 3061 1160 3138 perspiciam,

25 3163 48 3220 si
67 3167 242 3226 universam
263 3165 388 3224 laudum
410 3166 566 3224 materiem
588 3163 845 3244 comprehendere
867 3163 989 3234 vellem,
1011 3163 1093 3219 vires
1111 3178 1158 3218 me

28 3261 193 3328 defecturas
216 3287 301 3344 esse;
325 3287 381 3343 quo
404 3267 600 3326 sollemnibus
621 3268 668 3326 his
683 3267 787 3346 aliqua
806 3285 844 3325 ex
859 3274 946 3344 parte
961 3268 1159 3339 attemperata

27 3385 86 3430 mea
106 3372 205 3430 oratio
217 3369 264 3444 sit,
285 3369 416 3428 mediam
431 3366 583 3449 quandam
598 3369 680 3428 viam
696 3368 821 3428 tenebo:
840 3367 878 3428 de
895 3365 1027 3426 civitatis
1038 3370 1160 3422 nostrae

30 3466 170 3530 felicitate
190 3469 339 3529 Friderici
368 3469 513 3530 Guilelmi
542 3470 705 3530 virtutibus
730 3469 868 3529 stabilita
895 3465 1002 3547 paucis
1025 3465 1068 3522 ita
1097 3460 1158 3520 dis·

30 3587 128 3648 seram,
153 3580 186 3630 ut
210 3591 312 3651 neque
337 3572 451 3645 omnia,
481 3571 591 3651 quibus
612 3571 711 3649 patria
738 3571 846 3643 utitur,
872 3567 954 3627 bona
976 3583 1159 3634 enumerem,

29 3689 120 3754 usque
143 3673 279 3732 omittam
295 3692 340 3749 ea,
360 3691 415 3749 per
437 3693 516 3752 quae
538 3673 711 3751 nuperrime
735 3691 774 3731 ex
796 3689 911 3730 summa
934 3683 1091 3743 emergens
1111 3683 1161 3722 ca·

31 3770 158 3834 lumitate
188 3774 315 3852 gloriam
344 3774 540 3834 immortalem
565 3782 729 3834 consecuta
759 3780 806 3831 est
865 3771 1010 3829 Attamen
1038 3764 1090 3824 vel
1117 3765 1162 3823 sie

32 3884 160 3936 vestram*
175 3876 249 3935 mihi
271 3873 491 3954 indulgentiam
515 3874 699 3935 exorandam
721 3872 822 3947 video,
845 3882 888 3946 ut,
904 3871 1094 3930 si'uumeros
1108 3886 1161 3945 pa·

33 3995 88 4036 rum
118 3977 323 4056 impleverim,
352 3976 504 4036 voluntati
530 3995 617 4036 meae
652 3975 833 4053 ignoscatis,
862 3993 898 4031 ac
926 3989 1004 4052 quae
1023 3967 1161 4041 dixerim,

36 4096 49 4133 e
67 4071 281 4139 benevolentia
298 4087 402 4138 vestra
424 4097 514 4157 quam
536 4097 674 4136 ererum
696 4064 844 4154 dignitate
861 4075 956 4151 magis
978 4069 1130 4130 iudicetis.

109 4179 170 4240 Sed
193 4180 448 4259 cucumspioienti
468 4178 550 4253 milri,
571 4199 630 4258 quo
643 4197 689 4236 me
711 4177 839 4254 primum
853 4182 1037 4243 convertam,
1059 4189 1182 4250 quem-¹

38 4278 184 4344 admodum
197 4283 251 4362 qui
273 4280 407 4340 Atticam
434 4280 589 4338 civitatem
606 4279 678 4337 olim
693 4275 869 4348 laudabant,
888 4274 1071 4355 praecipuas
1097 4271 1163 4328 eius

40 4386 239 4462 prosperitates
267 4384 297 4442 in
328 4381 469 4462 populari
498 4381 624 4461 imperio
650 4398 764 4459 ponere
788 4377 905 4450 solent,
930 4375 973 4434 ita
995 4380 1163 4432 nostrorum

86 4489 187 4532 Boeckhii
203 4489 271 4531 Orati·
943 4473 962 4533 2
