2800 4976
549 650 623 734 III.

1 821 174 896 >ratio
204 817 394 892 nataliciis
417 819 603 894 Friderici
631 815 813 895 Guilelmi
839 818 909 891 ΙΙΙ.
934 817 1172 896 celebrandis

243 947 278 1021 d.
295 971 349 1024 111.
369 974 417 1020 m.
437 947 534 1046 Aug.
554 975 588 1022 a.
606 969 812 1022 unoocxvr.
832 946 975 1020 hahita.

531 1121 682 1130 -—-—.

115 1220 296 1282 Prudenter
317 1243 353 1280 ae
374 1222 439 1299 pie,
468 1223 527 1280 viri
546 1221 810 1295 excellentissimi,
839 1221 987 1297 illustros,
1011 1221 1173 1282 celeberri-

2 1327 69 1398 mi,
108 1323 337 1384 commilitones
361 1323 558 1397 ornatissimi,
582 1323 653 1384 inde
676 1323 714 1383 ab
735 1325 822 1383 initio
840 1322 963 1382 scholae
980 1323 1068 1382 huius
1088 1324 1173 1384 insti·

2 1437 133 1488 ,utum
161 1434 223 1498 est,
243 1433 277 1484 ut
301 1425 396 1503 Regis
418 1425 522 1503 optimi
546 1425 699 1484 nataliciis
723 1423 973 1485 concelebrandis
993 1425 1023 1484 in
1046 1425 1173 1486 aedibus
1241 1425 1245 1430 ’

2 1531 148 1589 rostris
172 1527 333 1608 quotannis
349 1534 489 1604 ageretur
511 1536 689 1600 conventus,
710 1526 792 1606 quod
811 1547 866 1586 nos
885 1527 969 1586 illum
992 1547 1052 1586 non
1075 1528 1173 1602 mode,

6 1641 40 1691 it
81 1630 193 1689 ceteri
223 1629 321 1702 cives,
351 1649 539 1688 communem
568 1631 614 1688 rei
637 1629 780 1709 publicae
807 1637 966 1704 statorem,
994 1629 1171 1709 principem,

7 1733 192 1792 lominum
222 1750 418 1804 veneramur,
451 1729 505 1789 sed
530 1749 629 1790 rerum
656 1739 825 1790 nostrarum
854 1751 946 1790 unum
969 1738 1122 1792 auctorem
1143 1742 1173 1792 et

1 1833 242 1893 conditorem:
263 1841 296 1890 ut
316 1853 375 1912 quo
399 1831 448 1890 die
463 1830 639 1892 Fridericus
654 1831 825 1892 Guilelmus
843 1840 931 1891 nattis
953 1834 1007 1906 sit,
1031 1834 1096 1892 eius
1111 1833 1172 1893 diei

1 1938 179 1996 fortunae
201 1934 405 1992 sanstissimae
421 1933 499 1992 haec
514 1931 680 1992 studiorum
696 1933 865 2015 palaestra,
885 1934 934 1994 hic
955 1935 1055 1994 laetus
1076 1937 1171 1996 omnis

4 2038 161 2116 generis
182 2036 351 2094 litterarum
374 2043 539 2112 proventus
559 2034 663 2094 deberi
684 2037 791 2096 merito
814 2035 962 2097 videatur.
997 2036 1080 2115 Quid
1100 2058 1172 2098 vero

4 2137 235 2199 sollemnibus
256 2137 303 2196 his
326 2138 523 2196 sanctissimis
540 2138 636 2215 magis
651 2147 768 2215 aptum,
791 2138 864 2219 quid
886 2138 1044 2198 affectibus
1060 2141 1172 2199 nostris

5 2242 132 2319 magis
156 2237 429 2313 accommodatum,
453 2259 543 2318 quarn
562 2239 686 2319 publica
703 2240 838 2299 oratione
860 2238 979 2300 laudari
993 2241 1171 2319 principem,

10 2345 120 2402 cuius
143 2339 243 2400 studio
267 2341 373 2400 artium
395 2340 658 2419 provehendarum
681 2341 762 2421 quod
784 2340 940 2417 docemus,
965 2343 1050 2401 cuius
1076 2345 1171 2402 muni-

11 2445 179 2504 ficentiae
201 2441 281 2523 quod
302 2443 455 2518 floremus,
477 2443 609 2524 denique
632 2444 717 2503 cuins
740 2444 845 2504 virtuti
868 2443 950 2522 quod
969 2441 1169 2504 vivimus'ac·

15 2555 160 2625 ceptum
183 2543 372 2604 referamus?
403 2547 443 2604 Et
465 2547 601 2626 profecto
624 2565 806 2625 quamquam
829 2565 885 2623 ege
908 2545 1061 2623 intelligo,
1081 2547 1171 2608 huius

18 2669 75 2707 me
105 2647 191 2724 regis
213 2645 296 2704 facta
318 2646 407 2706 dietis
431 2667 606 2728 exaequare
628 2666 690 2706 non
711 2667 817 2727 posse,
840 2667 1022 2728 quamquam
1046 2668 1085 2708 ex
1107 2670 1169 2708 mu·

16 2749 160 2809 neribus
187 2747 261 2806 mihi
289 2747 479 2809 demandatis
506 2749 564 2808 hoc
593 2748 685 2827 longe
719 2749 930 2827 gravissimum
967 2769 1034 2810 esse
1063 2753 1170 2827 sentio,

19 2850 117 2930 quod
144 2849 218 2909 mihi
238 2869 299 2908 non
328 2851 423 2910 semel
445 2860 536 2930 atque
564 2853 686 2924 iterum,
715 2849 770 2910 sed
793 2850 920 2929 singulis
943 2854 1030 2912 annis
1054 2873 1092 2912 ex
1113 2853 1170 2913 hoc

21 2956 101 3013 loco
131 2961 163 3011 et
189 2952 248 3010 hoe
272 2953 337 3030 ipso
366 2952 415 3012 dic
441 2953 536 3012 verba
562 2951 703 3012 facienda
731 2961 816 3014 sunt:
850 2961 951 3012 tamen
980 2954 1023 3013 ita
1049 2976 1170 3035 prorsus

21 3055 154 3128 iudico,
179 3074 243 3112 rem
266 3075 313 3112 me
339 3055 508 3134 suscepisse
538 3053 662 3114 arduam
685 3055 784 3132 potius
817 3075 907 3135 quam
934 3053 1089 3116 difficilem
1119 3067 1171 3118 aut

23 3158 123 3216 aleae
153 3156 290 3234 plenam;
319 3155 564 3236 quandoquidem
590 3165 653 3215 turn
677 3155 801 3216 laudum
824 3165 909 3215 tanta
934 3165 1057 3238 tamque
1079 3159 1170 3218 beata

25 3260 161 3319 ubertas
184 3257 360 3336 suppeditat
381 3265 411 3316 et
433 3259 520 3337 quasi
541 3259 656 3332 affluit,
685 3267 720 3318 ut
741 3259 837 3337 magis
859 3257 934 3340 quid
955 3259 1027 3318 mihi
1046 3280 1106 3319 non
1126 3260 1169 3320 di·

27 3361 166 3420 cendum
188 3360 241 3431 sit,
263 3380 353 3438 quam
369 3359 442 3439 quid
466 3359 640 3433 dicendum,
664 3361 917 3438 circumspiciam,
942 3369 1004 3420 tum
1019 3361 1077 3418 hoc
1096 3381 1169 3438 rege

28 3483 139 3522 verum
169 3461 272 3522 dicere
296 3463 361 3519 sine
380 3461 517 3538 periculo
540 3462 714 3522 offensionis
741 3461 935 3521 conceditur:
964 3461 1046 3520 unde
1065 3464 1114 3535 fit,
1137 3474 1170 3522 ut

27 3574 199 3642 antequam
222 3562 261 3621 ad
283 3561 443 3621 dicendum
467 3561 625 3634 accedam,
645 3562 854 3641 magnitudine
876 3563 921 3620 rei
945 3571 1083 3640 spectata
1100 3585 1166 3642 pcr-

30 3666 104 3724 eclli
131 3664 262 3737 soleam,
290 3683 361 3722 mox
388 3663 516 3724 collecto
537 3665 652 3738 animo,
676 3665 814 3744 quamvis
836 3663 959 3742 regibus
981 3664 1169 3725 blandiendo

28 3787 89 3826 nec
111 3775 203 3826 natus
224 3785 281 3824 nec
301 3767 401 3824 faetus
423 3766 493 3838 sim,
516 3765 592 3824 nihil
614 3765 687 3822 mihi
705 3764 880 3838 iucundius,
902 3766 980 3826 nihil
1000 3768 1168 3844 praestabi-

31 3869 89 3930 lius
107 3867 266 3942 videatur,
288 3886 377 3947 qrram
395 3887 501 3927 sensus
515 3875 647 3940 vestros,
662 3867 783 3940 Patres,
802 3877 935 3948 votaque
950 3888 1005 3946 pro
1024 3869 1168 3949 Principe

32 3973 147 4048 optimo
171 3977 313 4047 suscepta
335 3989 389 4047 pro
406 3969 546 4027 contione
568 3976 666 4040 tanta,
689 3977 750 4026 tam
773 3968 889 4046 ampla,
912 3978 973 4028 tam
996 3970 1167 4049 splendida}

32 4081 93 4131 tam
111 4069 232 4131 erudita
247 4070 349 4150 palam
367 4070 575 4147 interpretari,
598 4090 634 4128 ac
658 4068 696 4128 de
718 4071 810 4147 regiis
825 4071 938 4131 meritis
962 4073 1084 4150 copiose
1107 4073 1167 4131 dis-

34 4193 148 4234 serere.
185 4171 301 4250 Quodsi
324 4172 396 4229 anni
419 4171 583 4250 superioris
597 4190 646 4229 res
668 4179 770 4247 gestas
788 4171 924 4231 recolere
943 4173 1082 4246 velimus,
1101 4175 1166 4232 Fri·

35 4273 169 4334 dericum
197 4272 382 4333 Guilelmum
410 4292 471 4330 non
492 4279 609 4330 tantum
631 4273 662 4330 in
684 4292 773 4349 sago,
803 4271 857 4331 sed
875 4273 960 4351 pacis
984 4275 1074 4332 etiarn
1096 4277 1167 4332 arti·

34 4374 87 4436 hus
106 4377 259 4454 insignem
280 4375 484 4452 reperiemus:
508 4393 646 4451 possum,
665 4373 692 4432 si
709 4373 819 4447 libeat,
842 4373 922 4432 haud
938 4393 1037 4451 pauca
1058 4375 1166 4434 abillo
