2800 4976
290 747 614 836 ceorlorum
646 747 996 876 secunaum.

582 949 708 958 ...—

209 1138 236 1196 I.
279 1139 329 1197 De
343 1135 456 1216 sparta
475 1147 506 1197 et
519 1138 666 1213 Athenis,
688 1135 779 1198 rebus
796 1135 928 1214 publicis
940 1135 1020 1194 iuter
1032 1133 1128 1196 Grac·
1158 1061 1204 1116 Μ

279 1259 331 1298 cas
353 1237 526 1299 clarissimis
585 1279 1126 1300 ...........
1200 1247 1213 1299 1

191 1341 233 1399 H.
278 1341 328 1399 De
343 1339 506 1400 Borussiue
528 1339 677 1401 felicitate
699 1337 849 1400 Friderici
870 1337 1016 1399 Guilelmi
1031 1339 1131 1398 'Pertii

277 1441 441 1502 virtutibus
464 1441 601 1502 stabilita
638 1489 1129 1504 ..........
1182 1449 1215 1504 16

174 1542 232 1605 ΙΠ.
276 1543 327 1602 De
342 1542 487 1618 Alberto,
511 1543 688 1603 Marchio'ne
706 1541 1011 1620 Brandenburgensi‚
1033 1543 1130 1634 primo

278 1643 367 1703 Duce
402 1645 583 1720 Borussiae‚
625 1643 834 1705 universitutIs
867 1644 1130 1722 Rogiomontanae

280 1743 436 1806 conditore
476 1793 1130 1810 .............
1181 1753 1214 1810 ll

180 1845 235 1904 IV.
278 1847 329 1905 De
367 1847 427 1907 fine
465 1856 497 1907 et
536 1849 661 1925 ingenio
699 1847 855 1908 doctrinae
888 1846 1132 1928 disciplinaeque

280 1947 489 2024 academicae,
523 1951 690 2030 praecipue
716 1949 927 2009 universitatis
951 1949 1130 2009 Berolineu-

280 2049 337 2124 sia,
360 2070 380 2108 a
402 2050 562 2111 Friderico
586 2051 741 2112 Guilelmo
762 2051 871 2112 Tertio
900 2059 983 2111 certo
1003 2052 1130 2112 consilio

282 2150 423 2214 conditae
478 2201 1131 2216 .............
1182 2161 1215 2218 at

198 2249 237 2313 V.
282 2251 389 2311 Bonae
413 2261 495 2314 artes
516 2253 589 2336 quid
609 2253 647 2313 ad
663 2253 824 2314 ecclesiam
842 2253 1045 2313 Christianam
1061 2275 1131 2333 pur·

281 2352 411 2429 gandam
425 2355 596 2434 proluerint
610 2365 641 2416 et
661 2355 736 2436 quid
758 2355 891 2416 ecclesia
909 2353 1070 2416 emendata
1085 2375 1130 2414 ar·

281 2455 362 2515 tibus
381 2458 583 2535 praestiterit,
607 2459 771 2538 exponitur
803 2505 1132 2520 .......
1182 2467 1218 2522 46

179 2555 234 2619 VI.
279 2554 363 2633 Quid
383 2558 423 2618 sit
447 2561 649 2638 potissimum,
672 2559 753 2640 qnod
772 2559 940 2619 litterarum
964 2558 1065 2618 studia
1087 2561 1133 2620 rei

282 2657 424 2737 publicae
443 2661 585 2722 utilitatis
600 2663 729 2722 afferant
748 2669 778 2722 et
792 2659 988 2741 quamobrem
1000 2662 1133 2722 maxime

283 2779 302 2817 a
321 2761 510 2838 sapientibus
546 2765 716 2824 civitatium
743 2761 984 2824 moderatoribus
1017 2764 1134 2843 impen-

283 2861 362 2921 siore
389 2882 462 2922 cura
484 2864 527 2924 ali
549 2874 580 2925 ct
595 2865 695 2925 foveri
721 2865 898 2940 videantur,
928 2865 1084 2947 quaeritur
1126 2915 1133 2930 .
1184 2875 1218 2930 56

165 2961 237 3021 VII.
281 2963 330 3022 De
359 2963 480 3025 homine
511 2965 551 3026 ad
579 2967 798 3027 humanitatem
826 2966 993 3046 perlectam
1014 2967 1132 3028 confor-

281 3065 392 3124 mando
427 3113 1133 3134 ..............
1184 3079 1219 3133 68

146 3165 235 3224 VIII.
282 3163 370 3242 Quae
393 3169 433 3226 sit
454 3169 689 3230 universitatum
710 3169 926 3231 litterariorum
946 3171 1008 3244 vis,
1031 3171 1135 3252 etqui

283 3265 415 3328 docendi
437 3270 468 3329 in
491 3271 552 3330 illis
572 3271 656 3348 finis;
680 3292 740 3352 quo
761 3271 888 3332 oonsilio
910 3273 971 3331 sint
993 3271 1133 3332 conditae

283 3375 314 3427 et
340 3389 421 3450 quae
451 3371 529 3431 ratio
554 3372 725 3434 intercedat
752 3375 831 3434 inter
860 3393 913 3434 eas
941 3381 972 3433 et
997 3373 1133 3454 reliquas

284 3469 404 3531 scholas
429 3522 1135 3540 ,,,,,,,,,,,,,,
1185 3483 1222 3541 78

180 3569 238 3628 ΙΧ.
283 3571 334 3630 De
346 3571 467 3633 Pericle
484 3577 592 3634 artium
607 3584 637 3634 et
650 3576 819 3635 litterarum
831 3584 944 3635 statere
958 3576 1135 3636 felicissimo
1185 3589 1220 3644 89

200 3671 242 3730 Χ.
287 3672 337 3731 De
359 3675 550 3756 antiquitatis
570 3675 670 3736 studio
700 3725 1136 3744 .........
1169 3691 1221 3745 103

181 3771 240 3830 XI.
284 3773 335 3832 De
358 3775 544 3837 eruditorum
566 3780 705 3841 virtute.
752 3827 759 3841 .
805 3828 812 3842 .
859 3827 879 3856 .,
912 3827 1135 3847 .....
1170 3793 1222 3846 110

162 3874 236 3937 ΧΠ.
281 3875 332 3934 De
354 3885 467 3954 vegeta
496 3888 527 3939 et
554 3879 660 3938 valida
681 3881 811 3940 scientia
860 3929 1135 3948 ......
1171 3894 1221 3948 119

148 3975 239 4033 XIII.
284 3977 335 4036 De
349 3979 551 4040 uniuersitate
566 3981 758 4042 Berolineusi
774 4001 793 4040 a
806 3979 966 4042 Friderico
981 3981 1135 4044 Guilelmo

282 4077 390 4139 Tertio
424 4081 456 4140 in
489 4083 577 4160 regni
612 4083 687 4143 urbe
718 4085 862 4164 primaria
895 4105 975 4145 nevo
1010 4087 1136 4146 consilio
1231 4153 1236 4162 ,

284 4179 423 4256 condita,
445 4191 550 4256 aucta,
573 4193 680 4243 ornata
698 4232 1134 4252 .........
1171 4199 1222 4254 129

154 4278 241 4339 XIV.
285 4281 335 4340 De
357 4283 570 4363 philosophiae
599 4294 630 4344 et
650 4287 795 4346 historiae
819 4308 885 4346 cum
912 4289 1023 4348 ceteris
1045 4287 1135 4349 disci·

282 4383 376 4460 plinis
399 4386 612 4444 coniunctione
645 4435 1136 4454 ..........
1171 4402 1222 4456 138
