<?xml version="1.0" encoding="UTF-8"?>
<!DOCTYPE html PUBLIC "-//W3C//DTD XHTML 1.0 Transitional//EN"
    "http://www.w3.org/TR/xhtml1/DTD/xhtml1-transitional.dtd">
<html xmlns="http://www.w3.org/1999/xhtml" xml:lang="en" lang="en">
 <head>
  <title>
</title>
<meta http-equiv="Content-Type" content="text/html;charset=utf-8" />
  <meta name='ocr-system' content='tesseract 3.04.00' />
  <meta name='ocr-capabilities' content='ocr_page ocr_carea ocr_par ocr_line ocrx_word'/>
</head>
<body>
  <div class='ocr_page' id='page_1' title='image "augustboeckhsge06bratgoog_0090.png"; bbox 0 0 2800 4976; ppageno 0'>
   <div class='ocr_carea' id='block_1_1' title="bbox 792 231 833 294">
    <p class='ocr_par' dir='ltr' id='par_1_1' title="bbox 792 231 833 294">
     <span class='ocr_line' id='line_1_1' title="bbox 792 231 833 294; baseline 0 0"><span class='ocrx_word' id='word_1_1' title='bbox 792 231 833 294; x_wconf 88' lang='grc'>66</span> 
     </span>
    </p>
   </div>
   <div class='ocr_carea' id='block_1_2' title="bbox 236 417 1380 4459">
    <p class='ocr_par' dir='ltr' id='par_1_2' title="bbox 236 417 1380 4459">
     <span class='ocr_line' id='line_1_2' title="bbox 245 417 1360 500; baseline -0.001 -20"><span class='ocrx_word' id='word_1_2' title='bbox 245 421 412 500; x_wconf 87' lang='lat' dir='ltr'>discipulos</span> <span class='ocrx_word' id='word_1_3' title='bbox 438 427 556 498; x_wconf 84' lang='lat' dir='ltr'>posset,</span> <span class='ocrx_word' id='word_1_4' title='bbox 583 441 676 500; x_wconf 90' lang='lat' dir='ltr'>quum</span> <span class='ocrx_word' id='word_1_5' title='bbox 701 430 808 480; x_wconf 89' lang='lat' dir='ltr'>contra</span> <span class='ocrx_word' id='word_1_6' title='bbox 832 421 950 480; x_wconf 88' lang='lat' dir='ltr'>incerta</span> <span class='ocrx_word' id='word_1_7' title='bbox 975 428 1006 479; x_wconf 92' lang='lat' dir='ltr'>et</span> <span class='ocrx_word' id='word_1_8' title='bbox 1031 419 1187 478; x_wconf 74' lang='lat' dir='ltr'>labantia</span> <span class='ocrx_word' id='word_1_9' title='bbox 1215 417 1360 479; x_wconf 72' lang='lat' dir='ltr'><strong>deterream:</strong></span> 
     </span>
     <span class='ocr_line' id='line_1_3' title="bbox 244 520 1362 603; baseline -0.005 -21"><span class='ocrx_word' id='word_1_10' title='bbox 244 531 407 602; x_wconf 87' lang='lat' dir='ltr'>praeterea</span> <span class='ocrx_word' id='word_1_11' title='bbox 435 541 576 600; x_wconf 83' lang='lat' dir='ltr'>agrorum</span> <span class='ocrx_word' id='word_1_12' title='bbox 609 521 761 603; x_wconf 80' lang='lat' dir='ltr'>possessio</span> <span class='ocrx_word' id='word_1_13' title='bbox 794 521 954 581; x_wconf 89' lang='lat' dir='ltr'>litterariis</span> <span class='ocrx_word' id='word_1_14' title='bbox 984 522 1131 600; x_wconf 82' lang='lat' dir='ltr'>collegiis</span> <span class='ocrx_word' id='word_1_15' title='bbox 1175 520 1272 599; x_wconf 23' lang='lat' dir='ltr'>inter,</span> <span class='ocrx_word' id='word_1_16' title='bbox 1288 520 1362 595; x_wconf 77' lang='lat' dir='ltr'>legata</span> 
     </span>
     <span class='ocr_line' id='line_1_4' title="bbox 246 622 1363 704; baseline -0.004 -22"><span class='ocrx_word' id='word_1_17' title='bbox 246 625 312 682; x_wconf 90' lang='lat' dir='ltr'>iura</span> <span class='ocrx_word' id='word_1_18' title='bbox 336 622 441 704; x_wconf 93' lang='lat' dir='ltr'>populi</span> <span class='ocrx_word' id='word_1_19' title='bbox 461 631 582 682; x_wconf 87' lang='lat' dir='ltr'>tuentes</span> <span class='ocrx_word' id='word_1_20' title='bbox 605 624 764 684; x_wconf 89' lang='lat' dir='ltr'>honestum</span> <span class='ocrx_word' id='word_1_21' title='bbox 788 631 819 682; x_wconf 87' lang='lat' dir='ltr'>ct</span> <span class='ocrx_word' id='word_1_22' title='bbox 841 623 1009 683; x_wconf 83' lang='lat' dir='ltr'>eruditione</span> <span class='ocrx_word' id='word_1_23' title='bbox 1035 623 1174 701; x_wconf 86' lang='lat' dir='ltr'>dignum</span> <span class='ocrx_word' id='word_1_24' title='bbox 1199 622 1300 678; x_wconf 91' lang='lat' dir='ltr'>locum</span> <span class='ocrx_word' id='word_1_25' title='bbox 1322 623 1363 678; x_wconf 77' lang='lat' dir='ltr'>assi·</span> 
     </span>
     <span class='ocr_line' id='line_1_5' title="bbox 245 721 1367 804; baseline -0.004 -20"><span class='ocrx_word' id='word_1_26' title='bbox 245 725 369 804; x_wconf 78' lang='lat' dir='ltr'>gnavit3</span> <span class='ocrx_word' id='word_1_27' title='bbox 389 721 533 804; x_wconf 88' lang='lat' dir='ltr'>quodque</span> <span class='ocrx_word' id='word_1_28' title='bbox 555 725 697 802; x_wconf 90' lang='lat' dir='ltr'>publicae</span> <span class='ocrx_word' id='word_1_29' title='bbox 716 724 840 784; x_wconf 86' lang='lat' dir='ltr'>scholae</span> <span class='ocrx_word' id='word_1_30' title='bbox 862 724 925 784; x_wconf 87' lang='lat' dir='ltr'>suis</span> <span class='ocrx_word' id='word_1_31' title='bbox 947 724 1055 803; x_wconf 89' lang='lat' dir='ltr'>opibus</span> <span class='ocrx_word' id='word_1_32' title='bbox 1078 725 1227 782; x_wconf 76' lang='lat' dir='ltr'>innixae</span> <span class='ocrx_word' id='word_1_33' title='bbox 1251 743 1367 781; x_wconf 83' lang='lat' dir='ltr'>sacrorn-</span> 
     </span>
     <span class='ocr_line' id='line_1_6' title="bbox 245 823 1369 907; baseline -0.007 -21"><span class='ocrx_word' id='word_1_34' title='bbox 245 837 313 886; x_wconf 88' lang='lat' dir='ltr'>ctae</span> <span class='ocrx_word' id='word_1_35' title='bbox 341 823 539 902; x_wconf 87' lang='lat' dir='ltr'>videbantur,</span> <span class='ocrx_word' id='word_1_36' title='bbox 567 827 689 902; x_wconf 88' lang='lat' dir='ltr'>privata</span> <span class='ocrx_word' id='word_1_37' title='bbox 718 846 839 907; x_wconf 91' lang='lat' dir='ltr'>qnoque</span> <span class='ocrx_word' id='word_1_38' title='bbox 866 827 985 906; x_wconf 90' lang='lat' dir='ltr'>piorum</span> <span class='ocrx_word' id='word_1_39' title='bbox 1016 827 1210 904; x_wconf 76' lang='lat' dir='ltr'>litterisque</span> <span class='ocrx_word' id='word_1_40' title='bbox 1239 824 1369 882; x_wconf 77' lang='lat' dir='ltr'>faventius</span> 
     </span>
     <span class='ocr_line' id='line_1_7' title="bbox 244 925 1369 1002; baseline -0.005 -16"><span class='ocrx_word' id='word_1_41' title='bbox 244 927 397 986; x_wconf 89' lang='lat' dir='ltr'>bominum</span> <span class='ocrx_word' id='word_1_42' title='bbox 425 927 551 986; x_wconf 86' lang='lat' dir='ltr'>incitata</span> <span class='ocrx_word' id='word_1_43' title='bbox 578 927 745 986; x_wconf 85' lang='lat' dir='ltr'>liberalitas</span> <span class='ocrx_word' id='word_1_44' title='bbox 768 937 831 1002; x_wconf 87' lang='lat' dir='ltr'>est,</span> <span class='ocrx_word' id='word_1_45' title='bbox 856 947 908 988; x_wconf 89' lang='lat' dir='ltr'>eas</span> <span class='ocrx_word' id='word_1_46' title='bbox 931 939 965 987; x_wconf 89' lang='lat' dir='ltr'>nt</span> <span class='ocrx_word' id='word_1_47' title='bbox 987 926 1074 986; x_wconf 89' lang='lat' dir='ltr'>donis</span> <span class='ocrx_word' id='word_1_48' title='bbox 1102 936 1137 986; x_wconf 91' lang='lat' dir='ltr'>et</span> <span class='ocrx_word' id='word_1_49' title='bbox 1163 925 1326 986; x_wconf 86' lang='lat' dir='ltr'>beneficiis</span> <span class='ocrx_word' id='word_1_50' title='bbox 1342 945 1369 980; x_wconf 82' lang='lat' dir='ltr'>ar</span> 
     </span>
     <span class='ocr_line' id='line_1_8' title="bbox 244 1026 1372 1107; baseline -0.006 -19"><span class='ocrx_word' id='word_1_51' title='bbox 244 1037 346 1106; x_wconf 86' lang='lat' dir='ltr'>geret:</span> <span class='ocrx_word' id='word_1_52' title='bbox 374 1027 472 1088; x_wconf 89' lang='lat' dir='ltr'>donec</span> <span class='ocrx_word' id='word_1_53' title='bbox 497 1037 639 1107; x_wconf 87' lang='lat' dir='ltr'>potentes</span> <span class='ocrx_word' id='word_1_54' title='bbox 663 1027 861 1088; x_wconf 86' lang='lat' dir='ltr'>ostenderent</span> <span class='ocrx_word' id='word_1_55' title='bbox 882 1030 940 1089; x_wconf 90' lang='lat' dir='ltr'>sibi</span> <span class='ocrx_word' id='word_1_56' title='bbox 964 1049 1022 1089; x_wconf 90' lang='lat' dir='ltr'>nec</span> <span class='ocrx_word' id='word_1_57' title='bbox 1043 1028 1210 1106; x_wconf 89' lang='lat' dir='ltr'>pudorem</span> <span class='ocrx_word' id='word_1_58' title='bbox 1237 1047 1297 1085; x_wconf 89' lang='lat' dir='ltr'>nec</span> <span class='ocrx_word' id='word_1_59' title='bbox 1315 1026 1372 1084; x_wconf 78' lang='lat' dir='ltr'>iden</span> 
     </span>
     <span class='ocr_line' id='line_1_9' title="bbox 242 1126 1373 1210; baseline -0.008 -20"><span class='ocrx_word' id='word_1_60' title='bbox 242 1151 301 1190; x_wconf 89' lang='lat' dir='ltr'>nec</span> <span class='ocrx_word' id='word_1_61' title='bbox 322 1129 501 1208; x_wconf 80' lang='lat' dir='ltr'>religionem</span> <span class='ocrx_word' id='word_1_62' title='bbox 523 1127 662 1204; x_wconf 83' lang='lat' dir='ltr'>obstare,</span> <span class='ocrx_word' id='word_1_63' title='bbox 681 1149 741 1210; x_wconf 89' lang='lat' dir='ltr'>quo</span> <span class='ocrx_word' id='word_1_64' title='bbox 762 1131 861 1189; x_wconf 90' lang='lat' dir='ltr'>minus</span> <span class='ocrx_word' id='word_1_65' title='bbox 881 1131 1076 1208; x_wconf 82' lang='lat' dir='ltr'>sacrilegium</span> <span class='ocrx_word' id='word_1_66' title='bbox 1100 1129 1283 1190; x_wconf 88' lang='lat' dir='ltr'>auderent.</span> <span class='ocrx_word' id='word_1_67' title='bbox 1317 1126 1373 1201; x_wconf 81' lang='lat' dir='ltr'>Qua</span> 
     </span>
     <span class='ocr_line' id='line_1_10' title="bbox 242 1227 1374 1310; baseline -0.007 -20"><span class='ocrx_word' id='word_1_68' title='bbox 242 1231 295 1290; x_wconf 91' lang='lat' dir='ltr'>ubi</span> <span class='ocrx_word' id='word_1_69' title='bbox 315 1229 446 1290; x_wconf 82' lang='lat' dir='ltr'>candide</span> <span class='ocrx_word' id='word_1_70' title='bbox 465 1231 623 1310; x_wconf 90' lang='lat' dir='ltr'>profiteor:</span> <span class='ocrx_word' id='word_1_71' title='bbox 646 1232 773 1290; x_wconf 89' lang='lat' dir='ltr'>historia</span> <span class='ocrx_word' id='word_1_72' title='bbox 796 1234 875 1291; x_wconf 85' lang='lat' dir='ltr'>euim</span> <span class='ocrx_word' id='word_1_73' title='bbox 896 1251 1059 1291; x_wconf 87' lang='lat' dir='ltr'>versasse</span> <span class='ocrx_word' id='word_1_74' title='bbox 1083 1233 1235 1304; x_wconf 85' lang='lat' dir='ltr'>evincit,</span> <span class='ocrx_word' id='word_1_75' title='bbox 1256 1248 1313 1287; x_wconf 88' lang='lat' dir='ltr'>noc</span> <span class='ocrx_word' id='word_1_76' title='bbox 1330 1227 1374 1284; x_wconf 78' lang='lat' dir='ltr'>huic</span> 
     </span>
     <span class='ocr_line' id='line_1_11' title="bbox 240 1329 1374 1412; baseline -0.007 -20"><span class='ocrx_word' id='word_1_77' title='bbox 240 1333 309 1392; x_wconf 93' lang='lat' dir='ltr'>loco</span> <span class='ocrx_word' id='word_1_78' title='bbox 338 1332 390 1392; x_wconf 86' lang='lat' dir='ltr'>vel</span> <span class='ocrx_word' id='word_1_79' title='bbox 417 1351 505 1392; x_wconf 89' lang='lat' dir='ltr'>meae</span> <span class='ocrx_word' id='word_1_80' title='bbox 530 1351 679 1412; x_wconf 88' lang='lat' dir='ltr'>personae</span> <span class='ocrx_word' id='word_1_81' title='bbox 709 1353 888 1412; x_wconf 83' lang='lat' dir='ltr'>congruum,</span> <span class='ocrx_word' id='word_1_82' title='bbox 918 1334 1052 1393; x_wconf 86' lang='lat' dir='ltr'>fucatam</span> <span class='ocrx_word' id='word_1_83' title='bbox 1077 1341 1109 1391; x_wconf 87' lang='lat' dir='ltr'>et</span> <span class='ocrx_word' id='word_1_84' title='bbox 1129 1333 1295 1391; x_wconf 89' lang='lat' dir='ltr'>fallacem</span> <span class='ocrx_word' id='word_1_85' title='bbox 1314 1329 1374 1386; x_wconf 81' lang='lat' dir='ltr'>relus</span> 
     </span>
     <span class='ocr_line' id='line_1_12' title="bbox 243 1429 1373 1495; baseline -0.007 -3"><span class='ocrx_word' id='word_1_86' title='bbox 243 1434 353 1492; x_wconf 87' lang='lat' dir='ltr'>faciem</span> <span class='ocrx_word' id='word_1_87' title='bbox 367 1432 512 1494; x_wconf 88' lang='lat' dir='ltr'>induere:</span> <span class='ocrx_word' id='word_1_88' title='bbox 534 1433 616 1492; x_wconf 89' lang='lat' dir='ltr'>haud</span> <span class='ocrx_word' id='word_1_89' title='bbox 633 1454 741 1494; x_wconf 78' lang='lat' dir='ltr'>vereor</span> <span class='ocrx_word' id='word_1_90' title='bbox 762 1455 801 1495; x_wconf 88' lang='lat' dir='ltr'>ne</span> <span class='ocrx_word' id='word_1_91' title='bbox 818 1437 867 1494; x_wconf 88' lang='lat' dir='ltr'>cni</span> <span class='ocrx_word' id='word_1_92' title='bbox 885 1444 1019 1494; x_wconf 87' lang='lat' dir='ltr'>nostram</span> <span class='ocrx_word' id='word_1_93' title='bbox 1032 1435 1203 1494; x_wconf 87' lang='lat' dir='ltr'>civitatem</span> <span class='ocrx_word' id='word_1_94' title='bbox 1222 1429 1373 1491; x_wconf 81' lang='lat' dir='ltr'>calunniari</span> 
     </span>
     <span class='ocr_line' id='line_1_13' title="bbox 243 1533 1373 1618; baseline -0.008 -24"><span class='ocrx_word' id='word_1_95' title='bbox 243 1534 364 1612; x_wconf 87' lang='lat' dir='ltr'>videar,</span> <span class='ocrx_word' id='word_1_96' title='bbox 393 1555 473 1615; x_wconf 88' lang='lat' dir='ltr'>quae</span> <span class='ocrx_word' id='word_1_97' title='bbox 502 1537 534 1595; x_wconf 89' lang='lat' dir='ltr'>in</span> <span class='ocrx_word' id='word_1_98' title='bbox 561 1536 654 1596; x_wconf 87' lang='lat' dir='ltr'>tantis</span> <span class='ocrx_word' id='word_1_99' title='bbox 688 1536 776 1597; x_wconf 87' lang='lat' dir='ltr'>malis</span> <span class='ocrx_word' id='word_1_100' title='bbox 806 1545 898 1618; x_wconf 89' lang='lat' dir='ltr'>atque</span> <span class='ocrx_word' id='word_1_101' title='bbox 930 1537 1080 1614; x_wconf 84' lang='lat' dir='ltr'>angustiis</span> <span class='ocrx_word' id='word_1_102' title='bbox 1110 1533 1373 1616; x_wconf 76' lang='lat' dir='ltr'>temperantissime</span> 
     </span>
     <span class='ocr_line' id='line_1_14' title="bbox 243 1632 1372 1718; baseline -0.006 -22"><span class='ocrx_word' id='word_1_103' title='bbox 243 1639 320 1715; x_wconf 85' lang='lat' dir='ltr'>egit,</span> <span class='ocrx_word' id='word_1_104' title='bbox 349 1647 379 1698; x_wconf 87' lang='lat' dir='ltr'>et</span> <span class='ocrx_word' id='word_1_105' title='bbox 406 1657 497 1718; x_wconf 90' lang='lat' dir='ltr'>quum</span> <span class='ocrx_word' id='word_1_106' title='bbox 524 1638 656 1696; x_wconf 84' lang='lat' dir='ltr'>maxime</span> <span class='ocrx_word' id='word_1_107' title='bbox 681 1637 714 1696; x_wconf 93' lang='lat' dir='ltr'>id</span> <span class='ocrx_word' id='word_1_108' title='bbox 743 1638 820 1716; x_wconf 85' lang='lat' dir='ltr'>agit,</span> <span class='ocrx_word' id='word_1_109' title='bbox 845 1647 879 1697; x_wconf 89' lang='lat' dir='ltr'>ut</span> <span class='ocrx_word' id='word_1_110' title='bbox 902 1639 1052 1698; x_wconf 85' lang='lat' dir='ltr'>ecclesiae</span> <span class='ocrx_word' id='word_1_111' title='bbox 1075 1648 1106 1698; x_wconf 89' lang='lat' dir='ltr'>et</span> <span class='ocrx_word' id='word_1_112' title='bbox 1127 1639 1314 1697; x_wconf 87' lang='lat' dir='ltr'>litterarum</span> <span class='ocrx_word' id='word_1_113' title='bbox 1339 1632 1372 1689; x_wconf 82' lang='lat' dir='ltr'>lo</span> 
     </span>
     <span class='ocr_line' id='line_1_15' title="bbox 241 1733 1373 1820; baseline -0.01 -22"><span class='ocrx_word' id='word_1_114' title='bbox 241 1739 400 1820; x_wconf 89' lang='lat' dir='ltr'>honosque</span> <span class='ocrx_word' id='word_1_115' title='bbox 427 1747 625 1798; x_wconf 82' lang='lat' dir='ltr'>conservetur</span> <span class='ocrx_word' id='word_1_116' title='bbox 650 1747 681 1798; x_wconf 92' lang='lat' dir='ltr'>et</span> <span class='ocrx_word' id='word_1_117' title='bbox 704 1747 838 1810; x_wconf 87' lang='lat' dir='ltr'>crescat,</span> <span class='ocrx_word' id='word_1_118' title='bbox 867 1759 885 1797; x_wconf 87' lang='lat' dir='ltr'>a</span> <span class='ocrx_word' id='word_1_119' title='bbox 908 1739 1046 1799; x_wconf 86' lang='lat' dir='ltr'>sordibus</span> <span class='ocrx_word' id='word_1_120' title='bbox 1075 1748 1184 1798; x_wconf 89' lang='lat' dir='ltr'>autem</span> <span class='ocrx_word' id='word_1_121' title='bbox 1214 1747 1251 1797; x_wconf 89' lang='lat' dir='ltr'>et</span> <span class='ocrx_word' id='word_1_122' title='bbox 1273 1733 1373 1793; x_wconf 80' lang='lat' dir='ltr'>avaritia</span> 
     </span>
     <span class='ocr_line' id='line_1_16' title="bbox 242 1829 1371 1918; baseline -0.009 -18"><span class='ocrx_word' id='word_1_123' title='bbox 242 1849 360 1902; x_wconf 87' lang='lat' dir='ltr'>tantum</span> <span class='ocrx_word' id='word_1_124' title='bbox 388 1840 490 1915; x_wconf 87' lang='lat' dir='ltr'>abest,</span> <span class='ocrx_word' id='word_1_125' title='bbox 524 1849 559 1899; x_wconf 89' lang='lat' dir='ltr'>ut</span> <span class='ocrx_word' id='word_1_126' title='bbox 583 1841 802 1918; x_wconf 85' lang='lat' dir='ltr'>benignissima</span> <span class='ocrx_word' id='word_1_127' title='bbox 828 1850 859 1900; x_wconf 91' lang='lat' dir='ltr'>et</span> <span class='ocrx_word' id='word_1_128' title='bbox 883 1829 1166 1901; x_wconf 86' lang='lat' dir='ltr'>munificentissima</span> <span class='ocrx_word' id='word_1_129' title='bbox 1202 1839 1315 1899; x_wconf 88' lang='lat' dir='ltr'>merito</span> <span class='ocrx_word' id='word_1_130' title='bbox 1337 1835 1371 1891; x_wconf 80' lang='lat' dir='ltr'>la-</span> 
     </span>
     <span class='ocr_line' id='line_1_17' title="bbox 242 1941 1372 2022; baseline -0.01 -21"><span class='ocrx_word' id='word_1_131' title='bbox 242 1941 361 2002; x_wconf 90' lang='lat' dir='ltr'>beatur.</span> <span class='ocrx_word' id='word_1_132' title='bbox 405 1943 472 2002; x_wconf 86' lang='lat' dir='ltr'>Nec</span> <span class='ocrx_word' id='word_1_133' title='bbox 493 1941 531 2001; x_wconf 89' lang='lat' dir='ltr'>de</span> <span class='ocrx_word' id='word_1_134' title='bbox 552 1941 654 2002; x_wconf 86' lang='lat' dir='ltr'>fundis</span> <span class='ocrx_word' id='word_1_135' title='bbox 675 1951 705 2002; x_wconf 88' lang='lat' dir='ltr'>et</span> <span class='ocrx_word' id='word_1_136' title='bbox 723 1943 804 2020; x_wconf 84' lang='lat' dir='ltr'>agris</span> <span class='ocrx_word' id='word_1_137' title='bbox 821 1941 922 2002; x_wconf 88' lang='lat' dir='ltr'>dicere</span> <span class='ocrx_word' id='word_1_138' title='bbox 943 1943 1059 2021; x_wconf 88' lang='lat' dir='ltr'>incepi,</span> <span class='ocrx_word' id='word_1_139' title='bbox 1076 1951 1124 2018; x_wconf 92' lang='lat' dir='ltr'>ut,</span> <span class='ocrx_word' id='word_1_140' title='bbox 1147 1961 1241 2022; x_wconf 89' lang='lat' dir='ltr'>quac</span> <span class='ocrx_word' id='word_1_141' title='bbox 1260 1948 1372 1998; x_wconf 83' lang='lat' dir='ltr'>extrem</span> 
     </span>
     <span class='ocr_line' id='line_1_18' title="bbox 241 2033 1370 2124; baseline 0.001 -23"><span class='ocrx_word' id='word_1_142' title='bbox 241 2063 317 2102; x_wconf 90' lang='lat' dir='ltr'>sane</span> <span class='ocrx_word' id='word_1_143' title='bbox 345 2043 534 2122; x_wconf 89' lang='lat' dir='ltr'>impudentia</span> <span class='ocrx_word' id='word_1_144' title='bbox 561 2043 656 2118; x_wconf 86' lang='lat' dir='ltr'>foret,</span> <span class='ocrx_word' id='word_1_145' title='bbox 691 2043 751 2102; x_wconf 91' lang='lat' dir='ltr'>boc</span> <span class='ocrx_word' id='word_1_146' title='bbox 780 2064 837 2122; x_wconf 84' lang='lat' dir='ltr'>ego</span> <span class='ocrx_word' id='word_1_147' title='bbox 867 2045 1009 2124; x_wconf 87' lang='lat' dir='ltr'>cuiquam</span> <span class='ocrx_word' id='word_1_148' title='bbox 1036 2043 1281 2123; x_wconf 85' lang='lat' dir='ltr'>exprobrarem,</span> <span class='ocrx_word' id='word_1_149' title='bbox 1312 2033 1370 2116; x_wconf 76' lang='lat' dir='ltr'>q11⁰d</span> 
     </span>
     <span class='ocr_line' id='line_1_19' title="bbox 241 2144 1369 2227; baseline -0.003 -23"><span class='ocrx_word' id='word_1_150' title='bbox 241 2153 345 2204; x_wconf 91' lang='lat' dir='ltr'>nostra</span> <span class='ocrx_word' id='word_1_151' title='bbox 378 2145 547 2204; x_wconf 88' lang='lat' dir='ltr'>litterarum</span> <span class='ocrx_word' id='word_1_152' title='bbox 580 2144 686 2204; x_wconf 89' lang='lat' dir='ltr'>schola</span> <span class='ocrx_word' id='word_1_153' title='bbox 714 2145 772 2204; x_wconf 92' lang='lat' dir='ltr'>boc</span> <span class='ocrx_word' id='word_1_154' title='bbox 800 2147 1015 2225; x_wconf 87' lang='lat' dir='ltr'>perpetuitatis</span> <span class='ocrx_word' id='word_1_155' title='bbox 1048 2147 1135 2227; x_wconf 89' lang='lat' dir='ltr'>quasi</span> <span class='ocrx_word' id='word_1_156' title='bbox 1168 2147 1307 2224; x_wconf 88' lang='lat' dir='ltr'>pignore</span> <span class='ocrx_word' id='word_1_157' title='bbox 1329 2156 1369 2195; x_wconf 81' lang='lat' dir='ltr'>nor</span> 
     </span>
     <span class='ocr_line' id='line_1_20' title="bbox 240 2239 1367 2328; baseline -0.006 -24"><span class='ocrx_word' id='word_1_158' title='bbox 240 2247 369 2322; x_wconf 81' lang='lat' dir='ltr'>fruitur3</span> <span class='ocrx_word' id='word_1_159' title='bbox 401 2245 456 2305; x_wconf 86' lang='lat' dir='ltr'>sed</span> <span class='ocrx_word' id='word_1_160' title='bbox 486 2267 546 2328; x_wconf 91' lang='lat' dir='ltr'>quo</span> <span class='ocrx_word' id='word_1_161' title='bbox 580 2266 629 2306; x_wconf 89' lang='lat' dir='ltr'>me</span> <span class='ocrx_word' id='word_1_162' title='bbox 657 2247 802 2305; x_wconf 88' lang='lat' dir='ltr'>orationis</span> <span class='ocrx_word' id='word_1_163' title='bbox 831 2267 936 2307; x_wconf 88' lang='lat' dir='ltr'>cursus</span> <span class='ocrx_word' id='word_1_164' title='bbox 965 2247 1092 2322; x_wconf 88' lang='lat' dir='ltr'>detulit,</span> <span class='ocrx_word' id='word_1_165' title='bbox 1119 2247 1151 2306; x_wconf 94' lang='lat' dir='ltr'>id</span> <span class='ocrx_word' id='word_1_166' title='bbox 1179 2247 1273 2306; x_wconf 90' lang='lat' dir='ltr'>nolui</span> <span class='ocrx_word' id='word_1_167' title='bbox 1298 2239 1367 2300; x_wconf 79' lang='lat' dir='ltr'>anxie</span> 
     </span>
     <span class='ocr_line' id='line_1_21' title="bbox 241 2347 1367 2427; baseline -0.009 -21"><span class='ocrx_word' id='word_1_168' title='bbox 241 2347 389 2407; x_wconf 87' lang='lat' dir='ltr'>devitare.</span> <span class='ocrx_word' id='word_1_169' title='bbox 433 2347 527 2406; x_wconf 91' lang='lat' dir='ltr'>Immo</span> <span class='ocrx_word' id='word_1_170' title='bbox 551 2347 582 2406; x_wconf 91' lang='lat' dir='ltr'>in</span> <span class='ocrx_word' id='word_1_171' title='bbox 605 2347 728 2406; x_wconf 85' lang='lat' dir='ltr'>diversa</span> <span class='ocrx_word' id='word_1_172' title='bbox 747 2347 840 2427; x_wconf 89' lang='lat' dir='ltr'>plane</span> <span class='ocrx_word' id='word_1_173' title='bbox 864 2347 1058 2421; x_wconf 89' lang='lat' dir='ltr'>condicione,</span> <span class='ocrx_word' id='word_1_174' title='bbox 1082 2349 1183 2427; x_wconf 88' lang='lat' dir='ltr'>qualis</span> <span class='ocrx_word' id='word_1_175' title='bbox 1202 2355 1313 2406; x_wconf 88' lang='lat' dir='ltr'>nostra</span> <span class='ocrx_word' id='word_1_176' title='bbox 1330 2350 1367 2406; x_wconf 74' lang='lat' dir='ltr'>est</span> 
     </span>
     <span class='ocr_line' id='line_1_22' title="bbox 239 2443 1363 2531; baseline -0.008 -23"><span class='ocrx_word' id='word_1_177' title='bbox 239 2447 324 2508; x_wconf 87' lang='lat' dir='ltr'>haud</span> <span class='ocrx_word' id='word_1_178' title='bbox 346 2449 459 2528; x_wconf 84' lang='lat' dir='ltr'>exigua</span> <span class='ocrx_word' id='word_1_179' title='bbox 482 2448 637 2508; x_wconf 90' lang='lat' dir='ltr'>commoda</span> <span class='ocrx_word' id='word_1_180' title='bbox 657 2447 758 2508; x_wconf 88' lang='lat' dir='ltr'>video.</span> <span class='ocrx_word' id='word_1_181' title='bbox 802 2451 839 2509; x_wconf 91' lang='lat' dir='ltr'>In</span> <span class='ocrx_word' id='word_1_182' title='bbox 859 2449 969 2531; x_wconf 91' lang='lat' dir='ltr'>quibus</span> <span class='ocrx_word' id='word_1_183' title='bbox 996 2458 1058 2525; x_wconf 89' lang='lat' dir='ltr'>est,</span> <span class='ocrx_word' id='word_1_184' title='bbox 1082 2450 1163 2530; x_wconf 90' lang='lat' dir='ltr'>quod</span> <span class='ocrx_word' id='word_1_185' title='bbox 1191 2467 1277 2529; x_wconf 90' lang='lat' dir='ltr'>quae</span> <span class='ocrx_word' id='word_1_186' title='bbox 1300 2443 1363 2502; x_wconf 83' lang='lat' dir='ltr'>sobr-</span> 
     </span>
     <span class='ocr_line' id='line_1_23' title="bbox 240 2548 1365 2628; baseline -0.008 -18"><span class='ocrx_word' id='word_1_187' title='bbox 240 2552 290 2610; x_wconf 89' lang='lat' dir='ltr'>lae</span> <span class='ocrx_word' id='word_1_188' title='bbox 316 2552 359 2610; x_wconf 92' lang='lat' dir='ltr'>ita</span> <span class='ocrx_word' id='word_1_189' title='bbox 386 2550 424 2609; x_wconf 89' lang='lat' dir='ltr'>ab</span> <span class='ocrx_word' id='word_1_190' title='bbox 447 2550 528 2609; x_wconf 91' lang='lat' dir='ltr'>omni</span> <span class='ocrx_word' id='word_1_191' title='bbox 556 2559 645 2628; x_wconf 89' lang='lat' dir='ltr'>parte</span> <span class='ocrx_word' id='word_1_192' title='bbox 667 2551 802 2610; x_wconf 88' lang='lat' dir='ltr'>munitae</span> <span class='ocrx_word' id='word_1_193' title='bbox 825 2562 910 2626; x_wconf 89' lang='lat' dir='ltr'>sunt,</span> <span class='ocrx_word' id='word_1_194' title='bbox 939 2559 973 2609; x_wconf 89' lang='lat' dir='ltr'>ut</span> <span class='ocrx_word' id='word_1_195' title='bbox 992 2552 1077 2610; x_wconf 90' lang='lat' dir='ltr'>nullo</span> <span class='ocrx_word' id='word_1_196' title='bbox 1100 2571 1188 2627; x_wconf 87' lang='lat' dir='ltr'>casu,</span> <span class='ocrx_word' id='word_1_197' title='bbox 1213 2548 1303 2610; x_wconf 90' lang='lat' dir='ltr'>nulla</span> <span class='ocrx_word' id='word_1_198' title='bbox 1322 2561 1365 2601; x_wconf 83' lang='lat' dir='ltr'>mc·</span> 
     </span>
     <span class='ocr_line' id='line_1_24' title="bbox 243 2643 1362 2732; baseline -0.005 -20"><span class='ocrx_word' id='word_1_199' title='bbox 243 2652 339 2712; x_wconf 90' lang='lat' dir='ltr'>diocri</span> <span class='ocrx_word' id='word_1_200' title='bbox 360 2653 401 2726; x_wconf 91' lang='lat' dir='ltr'>vi,</span> <span class='ocrx_word' id='word_1_201' title='bbox 419 2652 507 2711; x_wconf 89' lang='lat' dir='ltr'>nulla</span> <span class='ocrx_word' id='word_1_202' title='bbox 529 2653 580 2712; x_wconf 88' lang='lat' dir='ltr'>vol</span> <span class='ocrx_word' id='word_1_203' title='bbox 602 2653 739 2732; x_wconf 86' lang='lat' dir='ltr'>legitima</span> <span class='ocrx_word' id='word_1_204' title='bbox 753 2653 805 2712; x_wconf 87' lang='lat' dir='ltr'>vel</span> <span class='ocrx_word' id='word_1_205' title='bbox 825 2661 908 2712; x_wconf 89' lang='lat' dir='ltr'>certe</span> <span class='ocrx_word' id='word_1_206' title='bbox 926 2651 1076 2732; x_wconf 88' lang='lat' dir='ltr'>probabili</span> <span class='ocrx_word' id='word_1_207' title='bbox 1097 2673 1191 2712; x_wconf 88' lang='lat' dir='ltr'>causa</span> <span class='ocrx_word' id='word_1_208' title='bbox 1212 2643 1362 2730; x_wconf 77' lang='lat' dir='ltr'>oppugnari</span> 
     </span>
     <span class='ocr_line' id='line_1_25' title="bbox 241 2747 1363 2832; baseline -0.004 -18"><span class='ocrx_word' id='word_1_209' title='bbox 241 2764 294 2814; x_wconf 90' lang='lat' dir='ltr'>aut</span> <span class='ocrx_word' id='word_1_210' title='bbox 317 2754 471 2832; x_wconf 84' lang='lat' dir='ltr'>exstingui</span> <span class='ocrx_word' id='word_1_211' title='bbox 491 2773 583 2832; x_wconf 89' lang='lat' dir='ltr'>posse</span> <span class='ocrx_word' id='word_1_212' title='bbox 605 2753 786 2828; x_wconf 88' lang='lat' dir='ltr'>videantur,</span> <span class='ocrx_word' id='word_1_213' title='bbox 807 2753 900 2814; x_wconf 89' lang='lat' dir='ltr'>facile</span> <span class='ocrx_word' id='word_1_214' title='bbox 923 2755 1034 2812; x_wconf 87' lang='lat' dir='ltr'>inertia</span> <span class='ocrx_word' id='word_1_215' title='bbox 1056 2753 1280 2832; x_wconf 74' lang='lat' dir='ltr'>languescunt,</span> <span class='ocrx_word' id='word_1_216' title='bbox 1313 2747 1363 2804; x_wconf 75' lang='lat' dir='ltr'>dum</span> 
     </span>
     <span class='ocr_line' id='line_1_26' title="bbox 240 2833 1380 2936; baseline -0.011 -21"><span class='ocrx_word' id='word_1_217' title='bbox 240 2857 271 2915; x_wconf 91' lang='lat' dir='ltr'>in</span> <span class='ocrx_word' id='word_1_218' title='bbox 293 2857 346 2930; x_wconf 92' lang='lat' dir='ltr'>iis,</span> <span class='ocrx_word' id='word_1_219' title='bbox 375 2876 454 2936; x_wconf 88' lang='lat' dir='ltr'>quae</span> <span class='ocrx_word' id='word_1_220' title='bbox 478 2855 570 2934; x_wconf 91' lang='lat' dir='ltr'>plane</span> <span class='ocrx_word' id='word_1_221' title='bbox 592 2875 631 2916; x_wconf 86' lang='lat' dir='ltr'>ex</span> <span class='ocrx_word' id='word_1_222' title='bbox 657 2856 704 2916; x_wconf 90' lang='lat' dir='ltr'>rei</span> <span class='ocrx_word' id='word_1_223' title='bbox 731 2855 875 2935; x_wconf 89' lang='lat' dir='ltr'>publicae</span> <span class='ocrx_word' id='word_1_224' title='bbox 898 2855 1020 2914; x_wconf 87' lang='lat' dir='ltr'>arbitrio</span> <span class='ocrx_word' id='word_1_225' title='bbox 1042 2855 1178 2934; x_wconf 89' lang='lat' dir='ltr'>pendent</span> <span class='ocrx_word' id='word_1_226' title='bbox 1200 2876 1258 2936; x_wconf 91' lang='lat' dir='ltr'>pro</span> <span class='ocrx_word' id='word_1_227' title='bbox 1277 2833 1380 2932; x_wconf 58' lang='lat' dir='ltr'>poten-l</span> 
     </span>
     <span class='ocr_line' id='line_1_27' title="bbox 239 2949 1361 3038; baseline -0.004 -22"><span class='ocrx_word' id='word_1_228' title='bbox 239 2967 303 3016; x_wconf 89' lang='lat' dir='ltr'>tum</span> <span class='ocrx_word' id='word_1_229' title='bbox 326 2958 459 3018; x_wconf 86' lang='lat' dir='ltr'>consiliis</span> <span class='ocrx_word' id='word_1_230' title='bbox 481 2959 689 3038; x_wconf 86' lang='lat' dir='ltr'>institutisque</span> <span class='ocrx_word' id='word_1_231' title='bbox 711 2959 814 3031; x_wconf 89' lang='lat' dir='ltr'>vario,</span> <span class='ocrx_word' id='word_1_232' title='bbox 837 2977 939 3016; x_wconf 88' lang='lat' dir='ltr'>omnes</span> <span class='ocrx_word' id='word_1_233' title='bbox 962 2957 1152 3033; x_wconf 87' lang='lat' dir='ltr'>ingeniorum</span> <span class='ocrx_word' id='word_1_234' title='bbox 1174 2959 1260 3018; x_wconf 90' lang='lat' dir='ltr'>vires</span> <span class='ocrx_word' id='word_1_235' title='bbox 1283 2949 1361 3012; x_wconf 73' lang='lat' dir='ltr'>acrius</span> 
     </span>
     <span class='ocr_line' id='line_1_28' title="bbox 240 3047 1359 3140; baseline -0.008 -23"><span class='ocrx_word' id='word_1_236' title='bbox 240 3057 433 3118; x_wconf 82' lang='lat' dir='ltr'>exercendae</span> <span class='ocrx_word' id='word_1_237' title='bbox 460 3067 543 3134; x_wconf 89' lang='lat' dir='ltr'>sunt,</span> <span class='ocrx_word' id='word_1_238' title='bbox 574 3068 604 3119; x_wconf 90' lang='lat' dir='ltr'>et</span> <span class='ocrx_word' id='word_1_239' title='bbox 631 3059 718 3140; x_wconf 87' lang='lat' dir='ltr'>quasi</span> <span class='ocrx_word' id='word_1_240' title='bbox 748 3059 858 3118; x_wconf 88' lang='lat' dir='ltr'>intenti</span> <span class='ocrx_word' id='word_1_241' title='bbox 881 3060 1042 3138; x_wconf 88' lang='lat' dir='ltr'>paratique</span> <span class='ocrx_word' id='word_1_242' title='bbox 1073 3058 1216 3118; x_wconf 88' lang='lat' dir='ltr'>incedere</span> <span class='ocrx_word' id='word_1_243' title='bbox 1246 3047 1359 3117; x_wconf 79' lang='lat' dir='ltr'>universi</span> 
     </span>
     <span class='ocr_line' id='line_1_29' title="bbox 240 3160 1360 3241; baseline -0.007 -21"><span class='ocrx_word' id='word_1_244' title='bbox 240 3160 369 3236; x_wconf 89' lang='lat' dir='ltr'>debent,</span> <span class='ocrx_word' id='word_1_245' title='bbox 391 3160 524 3240; x_wconf 88' lang='lat' dir='ltr'>nequid</span> <span class='ocrx_word' id='word_1_246' title='bbox 547 3181 675 3241; x_wconf 88' lang='lat' dir='ltr'>usquam</span> <span class='ocrx_word' id='word_1_247' title='bbox 696 3161 788 3220; x_wconf 86' lang='lat' dir='ltr'>soluti</span> <span class='ocrx_word' id='word_1_248' title='bbox 809 3169 862 3219; x_wconf 90' lang='lat' dir='ltr'>aut</span> <span class='ocrx_word' id='word_1_249' title='bbox 883 3161 1003 3219; x_wconf 89' lang='lat' dir='ltr'>remissi</span> <span class='ocrx_word' id='word_1_250' title='bbox 1026 3168 1189 3238; x_wconf 89' lang='lat' dir='ltr'>appareat:</span> <span class='ocrx_word' id='word_1_251' title='bbox 1216 3163 1360 3238; x_wconf 77' lang='lat' dir='ltr'>praeterea</span> 
     </span>
     <span class='ocr_line' id='line_1_30' title="bbox 240 3255 1357 3345; baseline -0.013 -23"><span class='ocrx_word' id='word_1_252' title='bbox 240 3261 322 3345; x_wconf 90' lang='lat' dir='ltr'>quod</span> <span class='ocrx_word' id='word_1_253' title='bbox 343 3263 402 3322; x_wconf 89' lang='lat' dir='ltr'>hae</span> <span class='ocrx_word' id='word_1_254' title='bbox 420 3264 506 3342; x_wconf 86' lang='lat' dir='ltr'>ipsae</span> <span class='ocrx_word' id='word_1_255' title='bbox 530 3263 651 3322; x_wconf 89' lang='lat' dir='ltr'>facilius</span> <span class='ocrx_word' id='word_1_256' title='bbox 672 3262 843 3336; x_wconf 88' lang='lat' dir='ltr'>emendari,</span> <span class='ocrx_word' id='word_1_257' title='bbox 868 3261 984 3321; x_wconf 90' lang='lat' dir='ltr'>saeculi</span> <span class='ocrx_word' id='word_1_258' title='bbox 1011 3261 1136 3337; x_wconf 84' lang='lat' dir='ltr'>ingenio</span> <span class='ocrx_word' id='word_1_259' title='bbox 1159 3269 1190 3320; x_wconf 89' lang='lat' dir='ltr'>et</span> <span class='ocrx_word' id='word_1_260' title='bbox 1211 3255 1357 3320; x_wconf 86' lang='lat' dir='ltr'>necessita·</span> 
     </span>
     <span class='ocr_line' id='line_1_31' title="bbox 238 3351 1380 3444; baseline -0.016 -20"><span class='ocrx_word' id='word_1_261' title='bbox 238 3364 318 3426; x_wconf 88' lang='lat' dir='ltr'>tibus</span> <span class='ocrx_word' id='word_1_262' title='bbox 347 3365 584 3438; x_wconf 86' lang='lat' dir='ltr'>accommodari,</span> <span class='ocrx_word' id='word_1_263' title='bbox 612 3364 745 3444; x_wconf 86' lang='lat' dir='ltr'>denique</span> <span class='ocrx_word' id='word_1_264' title='bbox 772 3363 811 3421; x_wconf 89' lang='lat' dir='ltr'>ad</span> <span class='ocrx_word' id='word_1_265' title='bbox 839 3365 983 3423; x_wconf 86' lang='lat' dir='ltr'>maiorem</span> <span class='ocrx_word' id='word_1_266' title='bbox 1014 3363 1237 3441; x_wconf 83' lang='lat' dir='ltr'>perlectionem</span> <span class='ocrx_word' id='word_1_267' title='bbox 1267 3351 1380 3429; x_wconf 48' lang='lat' dir='ltr'>adduci¹</span> 
     </span>
     <span class='ocr_line' id='line_1_32' title="bbox 238 3457 1356 3548; baseline -0.013 -22"><span class='ocrx_word' id='word_1_268' title='bbox 238 3476 381 3548; x_wconf 85' lang='lat' dir='ltr'>possunt;</span> <span class='ocrx_word' id='word_1_269' title='bbox 402 3477 432 3527; x_wconf 89' lang='lat' dir='ltr'>et</span> <span class='ocrx_word' id='word_1_270' title='bbox 454 3467 598 3547; x_wconf 91' lang='lat' dir='ltr'>quoniam</span> <span class='ocrx_word' id='word_1_271' title='bbox 623 3485 726 3526; x_wconf 90' lang='lat' dir='ltr'>earum</span> <span class='ocrx_word' id='word_1_272' title='bbox 747 3465 830 3524; x_wconf 87' lang='lat' dir='ltr'>salus</span> <span class='ocrx_word' id='word_1_273' title='bbox 852 3466 948 3543; x_wconf 85' lang='lat' dir='ltr'>magis</span> <span class='ocrx_word' id='word_1_274' title='bbox 971 3467 1003 3523; x_wconf 91' lang='lat' dir='ltr'>iu</span> <span class='ocrx_word' id='word_1_275' title='bbox 1023 3485 1056 3524; x_wconf 88' lang='lat' dir='ltr'>re</span> <span class='ocrx_word' id='word_1_276' title='bbox 1077 3465 1202 3544; x_wconf 87' lang='lat' dir='ltr'>publica</span> <span class='ocrx_word' id='word_1_277' title='bbox 1223 3472 1276 3523; x_wconf 89' lang='lat' dir='ltr'>aut</span> <span class='ocrx_word' id='word_1_278' title='bbox 1293 3457 1356 3539; x_wconf 85' lang='lat' dir='ltr'>prin·</span> 
     </span>
     <span class='ocr_line' id='line_1_33' title="bbox 239 3558 1357 3648; baseline -0.005 -20"><span class='ocrx_word' id='word_1_279' title='bbox 239 3569 307 3648; x_wconf 88' lang='lat' dir='ltr'>cipe</span> <span class='ocrx_word' id='word_1_280' title='bbox 331 3570 433 3648; x_wconf 86' lang='lat' dir='ltr'>posita</span> <span class='ocrx_word' id='word_1_281' title='bbox 456 3578 517 3643; x_wconf 88' lang='lat' dir='ltr'>est,</span> <span class='ocrx_word' id='word_1_282' title='bbox 537 3568 703 3647; x_wconf 88' lang='lat' dir='ltr'>impensius</span> <span class='ocrx_word' id='word_1_283' title='bbox 722 3567 787 3626; x_wconf 84' lang='lat' dir='ltr'>fere</span> <span class='ocrx_word' id='word_1_284' title='bbox 807 3565 845 3624; x_wconf 89' lang='lat' dir='ltr'>ab</span> <span class='ocrx_word' id='word_1_285' title='bbox 866 3567 913 3626; x_wconf 90' lang='lat' dir='ltr'>his</span> <span class='ocrx_word' id='word_1_286' title='bbox 933 3567 1088 3642; x_wconf 89' lang='lat' dir='ltr'>coluntur,</span> <span class='ocrx_word' id='word_1_287' title='bbox 1108 3567 1305 3634; x_wconf 83' lang='lat' dir='ltr'>adiuvantur,</span> <span class='ocrx_word' id='word_1_288' title='bbox 1325 3558 1357 3615; x_wconf 82' lang='lat' dir='ltr'>f·</span> 
     </span>
     <span class='ocr_line' id='line_1_34' title="bbox 238 3665 1356 3750; baseline -0.009 -19"><span class='ocrx_word' id='word_1_289' title='bbox 238 3681 364 3746; x_wconf 88' lang='lat' dir='ltr'>ventur,</span> <span class='ocrx_word' id='word_1_290' title='bbox 394 3689 484 3750; x_wconf 90' lang='lat' dir='ltr'>quam</span> <span class='ocrx_word' id='word_1_291' title='bbox 512 3690 591 3750; x_wconf 88' lang='lat' dir='ltr'>quae</span> <span class='ocrx_word' id='word_1_292' title='bbox 619 3670 735 3728; x_wconf 89' lang='lat' dir='ltr'>maiore</span> <span class='ocrx_word' id='word_1_293' title='bbox 760 3665 904 3728; x_wconf 85' lang='lat' dir='ltr'>libertate</span> <span class='ocrx_word' id='word_1_294' title='bbox 931 3668 1091 3748; x_wconf 88' lang='lat' dir='ltr'>praeditae</span> <span class='ocrx_word' id='word_1_295' title='bbox 1120 3677 1200 3728; x_wconf 89' lang='lat' dir='ltr'>sunt.</span> <span class='ocrx_word' id='word_1_296' title='bbox 1245 3669 1285 3727; x_wconf 84' lang='lat' dir='ltr'>Et</span> <span class='ocrx_word' id='word_1_297' title='bbox 1304 3665 1356 3721; x_wconf 72' lang='lat' dir='ltr'>sunl</span> 
     </span>
     <span class='ocr_line' id='line_1_35' title="bbox 237 3767 1355 3852; baseline -0.002 -22"><span class='ocrx_word' id='word_1_298' title='bbox 237 3773 375 3852; x_wconf 87' lang='lat' dir='ltr'>profecto</span> <span class='ocrx_word' id='word_1_299' title='bbox 401 3772 460 3832; x_wconf 92' lang='lat' dir='ltr'>duo</span> <span class='ocrx_word' id='word_1_300' title='bbox 486 3773 615 3852; x_wconf 85' lang='lat' dir='ltr'>pignora</span> <span class='ocrx_word' id='word_1_301' title='bbox 638 3771 775 3849; x_wconf 84' lang='lat' dir='ltr'>egregia,</span> <span class='ocrx_word' id='word_1_302' title='bbox 799 3767 908 3848; x_wconf 80' lang='lat' dir='ltr'>quibus</span> <span class='ocrx_word' id='word_1_303' title='bbox 931 3769 1083 3830; x_wconf 89' lang='lat' dir='ltr'>confidere</span> <span class='ocrx_word' id='word_1_304' title='bbox 1106 3769 1283 3831; x_wconf 85' lang='lat' dir='ltr'>academiae</span> <span class='ocrx_word' id='word_1_305' title='bbox 1301 3779 1355 3844; x_wconf 63' lang='lat'>1205·</span> 
     </span>
     <span class='ocr_line' id='line_1_36' title="bbox 239 3870 1353 3952; baseline -0.009 -20"><span class='ocrx_word' id='word_1_306' title='bbox 239 3873 313 3946; x_wconf 88' lang='lat' dir='ltr'>sint,</span> <span class='ocrx_word' id='word_1_307' title='bbox 340 3875 469 3932; x_wconf 88' lang='lat' dir='ltr'>alterum</span> <span class='ocrx_word' id='word_1_308' title='bbox 501 3875 532 3931; x_wconf 90' lang='lat' dir='ltr'>in</span> <span class='ocrx_word' id='word_1_309' title='bbox 559 3874 605 3932; x_wconf 89' lang='lat' dir='ltr'>rei</span> <span class='ocrx_word' id='word_1_310' title='bbox 632 3871 792 3952; x_wconf 90' lang='lat' dir='ltr'>publicae,</span> <span class='ocrx_word' id='word_1_311' title='bbox 821 3871 950 3930; x_wconf 87' lang='lat' dir='ltr'>alterum</span> <span class='ocrx_word' id='word_1_312' title='bbox 978 3871 1010 3929; x_wconf 92' lang='lat' dir='ltr'>in</span> <span class='ocrx_word' id='word_1_313' title='bbox 1031 3891 1087 3930; x_wconf 88' lang='lat' dir='ltr'>sua</span> <span class='ocrx_word' id='word_1_314' title='bbox 1108 3872 1242 3949; x_wconf 88' lang='lat' dir='ltr'>ipsarum</span> <span class='ocrx_word' id='word_1_315' title='bbox 1263 3870 1353 3930; x_wconf 75' lang='lat' dir='ltr'>virtute</span> 
     </span>
     <span class='ocr_line' id='line_1_37' title="bbox 237 3967 1352 4053; baseline -0.004 -21"><span class='ocrx_word' id='word_1_316' title='bbox 237 3975 378 4053; x_wconf 87' lang='lat' dir='ltr'>positum.</span> <span class='ocrx_word' id='word_1_317' title='bbox 424 3972 542 4050; x_wconf 76' lang='lat' dir='ltr'>Quodsi</span> <span class='ocrx_word' id='word_1_318' title='bbox 571 3973 652 4033; x_wconf 88' lang='lat' dir='ltr'>illius</span> <span class='ocrx_word' id='word_1_319' title='bbox 681 3973 778 4032; x_wconf 90' lang='lat' dir='ltr'>virtus</span> <span class='ocrx_word' id='word_1_320' title='bbox 801 3973 941 4053; x_wconf 88' lang='lat' dir='ltr'>perierit,</span> <span class='ocrx_word' id='word_1_321' title='bbox 963 3974 1012 4032; x_wconf 91' lang='lat' dir='ltr'>cui</span> <span class='ocrx_word' id='word_1_322' title='bbox 1034 3971 1254 4033; x_wconf 87' lang='lat' dir='ltr'>custodiendae</span> <span class='ocrx_word' id='word_1_323' title='bbox 1275 3979 1303 4031; x_wconf 89' lang='lat' dir='ltr'>et</span> <span class='ocrx_word' id='word_1_324' title='bbox 1321 3967 1352 4024; x_wconf 83' lang='lat' dir='ltr'>in·</span> 
     </span>
     <span class='ocr_line' id='line_1_38' title="bbox 237 4074 1350 4153; baseline -0.006 -19"><span class='ocrx_word' id='word_1_325' title='bbox 237 4075 412 4135; x_wconf 86' lang='lat' dir='ltr'>tendendae</span> <span class='ocrx_word' id='word_1_326' title='bbox 441 4074 622 4153; x_wconf 90' lang='lat' dir='ltr'>disciplinae</span> <span class='ocrx_word' id='word_1_327' title='bbox 650 4076 782 4134; x_wconf 89' lang='lat' dir='ltr'>maxime</span> <span class='ocrx_word' id='word_1_328' title='bbox 810 4076 995 4148; x_wconf 85' lang='lat' dir='ltr'>inserviunt,</span> <span class='ocrx_word' id='word_1_329' title='bbox 1026 4075 1189 4134; x_wconf 88' lang='lat' dir='ltr'>concidant</span> <span class='ocrx_word' id='word_1_330' title='bbox 1210 4075 1281 4134; x_wconf 91' lang='lat' dir='ltr'>licet</span> <span class='ocrx_word' id='word_1_331' title='bbox 1302 4085 1350 4130; x_wconf 82' lang='lat' dir='ltr'>cum</span> 
     </span>
     <span class='ocr_line' id='line_1_39' title="bbox 238 4169 1350 4256; baseline -0.003 -20"><span class='ocrx_word' id='word_1_332' title='bbox 238 4177 363 4236; x_wconf 86' lang='lat' dir='ltr'>civitate</span> <span class='ocrx_word' id='word_1_333' title='bbox 383 4176 519 4249; x_wconf 84' lang='lat' dir='ltr'>litterae,</span> <span class='ocrx_word' id='word_1_334' title='bbox 540 4185 575 4235; x_wconf 89' lang='lat' dir='ltr'>ut</span> <span class='ocrx_word' id='word_1_335' title='bbox 597 4175 677 4256; x_wconf 90' lang='lat' dir='ltr'>apud</span> <span class='ocrx_word' id='word_1_336' title='bbox 701 4175 838 4236; x_wconf 84' lang='lat' dir='ltr'>Graecos</span> <span class='ocrx_word' id='word_1_337' title='bbox 861 4185 892 4236; x_wconf 90' lang='lat' dir='ltr'>ct</span> <span class='ocrx_word' id='word_1_338' title='bbox 913 4177 1066 4235; x_wconf 86' lang='lat' dir='ltr'>Romanos</span> <span class='ocrx_word' id='word_1_339' title='bbox 1091 4176 1300 4236; x_wconf 88' lang='lat' dir='ltr'>conciderunt:</span> <span class='ocrx_word' id='word_1_340' title='bbox 1317 4169 1350 4229; x_wconf 67' lang='lat' dir='ltr'>sit</span> 
     </span>
     <span class='ocr_line' id='line_1_40' title="bbox 238 4277 1349 4356; baseline -0.005 -20"><span class='ocrx_word' id='word_1_341' title='bbox 238 4277 418 4356; x_wconf 87' lang='lat' dir='ltr'>dignitatem</span> <span class='ocrx_word' id='word_1_342' title='bbox 441 4297 526 4336; x_wconf 84' lang='lat' dir='ltr'>auam</span> <span class='ocrx_word' id='word_1_343' title='bbox 540 4279 620 4337; x_wconf 88' lang='lat' dir='ltr'>tueri</span> <span class='ocrx_word' id='word_1_344' title='bbox 637 4287 667 4336; x_wconf 90' lang='lat' dir='ltr'>et</span> <span class='ocrx_word' id='word_1_345' title='bbox 686 4278 846 4356; x_wconf 88' lang='lat' dir='ltr'>sibiipsae</span> <span class='ocrx_word' id='word_1_346' title='bbox 867 4279 1122 4337; x_wconf 85' lang='lat' dir='ltr'>existimationem</span> <span class='ocrx_word' id='word_1_347' title='bbox 1136 4299 1247 4356; x_wconf 89' lang='lat' dir='ltr'>parare</span> <span class='ocrx_word' id='word_1_348' title='bbox 1265 4277 1349 4337; x_wconf 80' lang='lat' dir='ltr'>artium</span> 
     </span>
     <span class='ocr_line' id='line_1_41' title="bbox 236 4369 1349 4459; baseline 0 -21"><span class='ocrx_word' id='word_1_349' title='bbox 236 4379 362 4440; x_wconf 89' lang='lat' dir='ltr'>scholae</span> <span class='ocrx_word' id='word_1_350' title='bbox 394 4379 454 4438; x_wconf 89' lang='lat' dir='ltr'>iam</span> <span class='ocrx_word' id='word_1_351' title='bbox 482 4399 538 4440; x_wconf 87' lang='lat' dir='ltr'>sua</span> <span class='ocrx_word' id='word_1_352' title='bbox 566 4379 691 4456; x_wconf 86' lang='lat' dir='ltr'>ignavia</span> <span class='ocrx_word' id='word_1_353' title='bbox 725 4387 897 4459; x_wconf 86' lang='lat' dir='ltr'>nequeunt,</span> <span class='ocrx_word' id='word_1_354' title='bbox 934 4377 1092 4458; x_wconf 88' lang='lat' dir='ltr'>decrepita</span> <span class='ocrx_word' id='word_1_355' title='bbox 1125 4400 1252 4459; x_wconf 87' lang='lat' dir='ltr'>corpora</span> <span class='ocrx_word' id='word_1_356' title='bbox 1279 4369 1349 4440; x_wconf 69' lang='lat' dir='ltr'>emmi</span> 
     </span>
    </p>
   </div>
   <div class='ocr_carea' id='block_1_3' title="bbox 0 0 1404 4976">
    <p class='ocr_par' dir='ltr' id='par_1_3' title="bbox 0 0 1404 4976">
     <span class='ocr_line' id='line_1_42' title="bbox 0 0 1404 4976; baseline 0 3"><span class='ocrx_word' id='word_1_357' title='bbox 0 0 1404 4976; x_wconf 95' lang='lat' dir='ltr'> </span> 
     </span>
    </p>
   </div>
  </div>
 </body>
</html>
