2800 4976
623 281 642 345 3

532 371 734 380 ——---

54 471 173 548 singuli
196 479 267 529 sunt
286 469 436 530 doctiores
452 473 622 552 mentisque
645 474 710 532 acie
734 480 764 532 et
785 493 876 533 sensu
897 473 1070 552 elegantiae
1092 475 1199 534 iustus-

53 577 184 646 ctiores,
215 593 254 631 eo
278 575 396 632 acutius
424 573 501 630 vitia
527 574 557 631 in
580 573 702 634 dicente
725 573 969 634 animadvertant
996 596 1123 636 necesse
1143 585 1199 636 est.

52 674 214 732 Postremo
238 694 308 746 vos,
331 674 564 746 commilitones,
594 695 704 754 magno
732 695 856 735 numero
885 675 1015 750 adestis,
1039 677 1147 756 quibus
1165 687 1199 737 ut

53 773 174 853 aliquid
190 774 268 834 utile
291 774 330 832 ad
354 775 519 834 doctrinam
545 795 698 850 enarrem,
727 779 805 836 ratio
829 785 997 837 nostrarum
1020 799 1120 837 rerum
1142 800 1198 858 po·

53 877 170 934 stulare
193 875 332 950 videtur,
358 877 482 934 oratorii
505 897 578 936 vero
601 881 723 955 generis
745 879 933 958 popularitas
961 899 1053 956 aegre
1074 881 1198 958 patitur.

55 978 203 1056 Denique
228 998 289 1036 non
310 998 408 1036 meam
430 997 487 1054 ego
515 999 676 1058 personam
699 980 834 1040 sustineo
862 1000 937 1040 sane
966 999 1055 1059 quam
1082 980 1197 1040 levem:

54 1079 192 1138 Senatus
214 1089 319 1157 partes
341 1100 398 1157 ago
421 1079 512 1157 longe
535 1082 749 1157 gravissimas,
772 1083 824 1160 qui
845 1101 893 1140 me
914 1101 1055 1140 sensuum
1079 1101 1199 1142 snorum

53 1180 181 1258 publice
202 1181 400 1258 interpretem
424 1183 591 1257 constituit;
614 1181 695 1262 quod
718 1181 792 1241 fecit
812 1203 866 1262 pro
881 1183 1029 1260 benigna,
1053 1183 1198 1262 quamde

53 1302 101 1339 me
123 1283 282 1358 concepit,
306 1283 462 1360 opinione,
484 1303 544 1340 non
565 1305 618 1362 pro
639 1303 708 1342 mea
723 1283 881 1343 modestia.
912 1283 1001 1358 Haec
1020 1305 1111 1364 quum
1129 1305 1200 1344 con·

55 1382 173 1457 sidero,
197 1382 349 1461 quomodo
371 1403 419 1442 me
439 1385 601 1443 animatum
623 1384 763 1463 putatis?
795 1383 875 1462 Quid
892 1405 949 1462 ego
967 1387 1119 1464 proferam
1137 1386 1198 1446 dici

54 1485 153 1562 ipsius
180 1483 376 1558 celebritate,
404 1485 493 1543 buius
517 1485 578 1543 loci
606 1484 821 1564 amplitudine,
850 1485 955 1544 horum
974 1487 1127 1546 hominum
1151 1509 1196 1548 or·

53 1587 282 1644 ratissimorum
304 1605 449 1644 consessu
468 1587 729 1666 frequentissimo,
754 1585 886 1666 denique
910 1587 1033 1666 collegii
1061 1589 1197 1648 celeber-

54 1688 138 1760 rimi,
171 1685 254 1765 quod
281 1706 329 1744 me
357 1697 506 1746 oratorem
532 1687 622 1765 legit,
650 1689 831 1747 auctoritate
855 1687 959 1766 aliqua
985 1699 1130 1768 exparte
1154 1690 1197 1748 di-

56 1786 176 1864 gnum?
220 1787 351 1862 Audite,
380 1788 455 1867 quid
477 1798 662 1848 commentus
692 1791 757 1849 sim.
802 1788 863 1866 Qui
886 1810 977 1870 quum
1006 1789 1199 1868 desperarem

56 1891 123 1948 fieri
141 1909 249 1967 posse,
271 1889 366 1946 ullum
387 1898 420 1947 ut
442 1899 652 1968 argumentum
673 1911 742 1948 mea
767 1889 928 1967 diligentia
954 1891 998 1949 ita
1020 1902 1199 1951 exornatum

57 1991 235 2063 redderem,
258 1998 291 2048 ut
312 2011 375 2048 nou
395 1991 492 2050 solum
511 2012 576 2066 res,
599 2011 704 2050 verum
720 1993 811 2051 etiam
827 1992 981 2068 ingenium
998 1991 1128 2051 dicentis
1146 2015 1197 2052 vo-

57 2093 104 2151 bis
128 2093 322 2170 probaretur,
343 2112 401 2151 nec
423 2094 520 2151 minus
540 2112 559 2149 a
581 2091 729 2170 dignitate
748 2103 866 2166 vestra,
887 2093 925 2151 ab
943 2094 991 2152 his
1014 2095 1199 2172 temporibus

57 2196 104 2252 rei
125 2194 283 2272 publicae,
305 2194 435 2252 maxime
458 2214 531 2252 vero
555 2214 573 2251 a
599 2195 694 2272 Regis
715 2195 823 2268 nostri,
855 2194 903 2252 cui
925 2193 976 2252 hic
1005 2193 1070 2254 dies
1094 2217 1197 2256 conse-

59 2305 164 2354 cratus
188 2304 250 2370 est,
273 2295 424 2371 gravitate
447 2296 594 2372 singulari
616 2295 718 2354 aliena
738 2295 915 2355 viderentur
943 2295 1088 2354 orationis
1115 2295 1198 2356 leno-

60 2399 144 2456 cinia
163 2405 194 2454 et
214 2395 309 2454 verba
331 2398 420 2476 quasi
441 2397 623 2456 calamistris
647 2399 763 2456 inusta:
786 2398 943 2456 materiam
964 2395 1066 2475 delegi
1093 2407 1123 2456 et
1146 2419 1199 2458 no-

60 2501 131 2558 stris
154 2498 244 2556 rebus
268 2506 299 2556 et
321 2497 428 2557 studiis
451 2500 527 2558 meis
550 2499 755 2572 coniunctam,
779 2519 858 2586 quae
885 2518 940 2556 sua
958 2518 1026 2558 sese
1049 2499 1199 2575 gravitate

62 2598 290 2660 commendaret
318 2599 434 2676 potius,
463 2620 554 2678 quam
583 2601 676 2658 ullam
709 2601 774 2659 sive
808 2609 904 2658 artem
930 2601 996 2658 sive
1026 2599 1200 2658 facundiam

61 2722 162 2760 rnearn
187 2701 368 2779 requireret.
412 2701 575 2760 Exhibebo
605 2711 706 2760 autem
731 2701 818 2760 vobis
848 2701 987 2774 duarum,
1017 2722 1095 2781 quae
1121 2702 1200 2760 inter

62 2803 200 2862 Graecas
223 2802 408 2861 clarissimae
436 2811 536 2876 erant,
558 2803 725 2862 civitatium
746 2804 894 2879 imagines
913 2804 1016 2881 primis
1037 2803 1127 2862 lineis
1149 2802 1200 2861 de-

62 2907 208 2981 scriptas:
232 2923 358 2982 quarum
381 2904 480 2962 altera
502 2903 701 2982 prudentibus
721 2905 866 2963 institutis
889 2913 919 2961 et
940 2893 1064 2981 ¹legibus
1085 2913 1200 2982 tempe-

62 3015 130 3064 rata
149 3005 221 3078 fuit,
251 3005 306 3063 sed
332 3005 481 3063 alitteris
505 3014 598 3084 atque
628 3004 797 3064 eruditione
823 3006 1003 3082 elegantiori
1024 3005 1200 3084 longissimo

63 3106 225 3166 intervallo
248 3107 393 3184 seposita3
426 3106 522 3176 altera
550 3108 668 3185 optimis
691 3106 861 3187 quibusque
889 3106 1002 3165 artibus
1023 3128 1083 3166 non
1111 3107 1200 3166 modo

64 3209 165 3266 floruit
190 3208 272 3286 ipsa,
301 3207 353 3266 sed
378 3209 478 3266 orbem
497 3217 642 3268 terrarum
660 3209 835 3267 universum
858 3207 978 3284 imbuit,
1003 3209 1200 3283 collustravit,

65 3317 256 3368 mansuetum
271 3308 475 3389 domitumque
494 3309 582 3368 fecit:
604 3309 713 3388 quibus
731 3311 810 3369 inter
825 3331 858 3369 se
878 3311 1050 3388 compositis
1071 3332 1107 3369 ac
1122 3332 1200 3369 com-

65 3413 192 3490 paratis,
222 3419 289 3468 ntra
311 3411 465 3469 efficacior
494 3411 585 3470 fuerit
613 3409 652 3468 ad
680 3410 867 3486 formandam
888 3412 1119 3484 humanitatem,
1150 3413 1224 3490 qni'

66 3515 97 3570 in
126 3512 253 3570 calculis
282 3511 486 3571 subducendis
515 3513 660 3586 haesitet,
689 3533 777 3571 nemo
806 3513 988 3571 invenietur.
1033 3511 1118 3589 Quas
1151 3512 1203 3570 ubi

69 3633 280 3688 commemoro,
310 3615 377 3693 quis
406 3623 452 3672 est
478 3614 551 3693 quin
573 3613 741 3690 intelligat,
770 3615 909 3691 Spartam
932 3633 980 3672 me
1002 3613 1202 3693 Athenasque

69 3715 186 3784 dicere,
206 3714 379 3794 Apollineis
394 3715 478 3773 illam
493 3715 613 3792 legibus
629 3715 766 3793 Lycurgi
781 3714 947 3773 stabilitam
964 3714 1124 3790 divinitus,
1146 3715 1203 3773 has

70 3816 186 3878 Solonis
209 3816 363 3874 ordinatas
386 3817 530 3875 institutis
545 3817 737 3875 liberalibus:
760 3817 951 3875 nobilitatam
967 3824 1127 3895 utramque
1141 3837 1204 3875 rem

71 3919 219 3995 publicam
240 3926 303 3976 tum
323 3927 431 3996 suopte
452 3917 615 3997 splendore
647 3938 683 3975 ac
705 3917 928 3994 magnitudine,
956 3926 1018 3975 turn
1039 3919 1134 3976 claris
1150 3939 1202 3977 ve-

70 4028 162 4078 terum
185 4020 365 4096 scriptorum
383 4020 529 4096 ingeniis,
555 4019 607 4098 qui
627 4028 729 4096 gestas
758 4019 795 4077 ab
819 4021 855 4077 iis
879 4020 1001 4096 egregie
1023 4039 1072 4078 res
1096 4020 1201 4079 obscu-

69 4141 116 4180 ras
145 4140 212 4179 esse
241 4141 304 4180 non
332 4119 534 4200 paterentur?
577 4121 667 4178 Hanc
693 4121 847 4198 Spartam,
876 4119 959 4198 quod
986 4121 1085 4194 aiunt,
1115 4121 1201 4180 ador-

70 4223 166 4296 nanti,
196 4229 230 4279 ut
257 4222 295 4281 de
319 4222 494 4281 civitatibus
521 4222 568 4280 his
595 4221 746 4302 quaedam
773 4222 941 4280 summatim
967 4221 1128 4297 disseram,
1153 4224 1204 4280 tri·
1257 4279 1261 4285 .

72 4324 150 4382 buitc
172 4323 229 4381 hoc
251 4323 338 4397 mihi,
367 4323 536 4396 auditores,
561 4333 595 4383 ut
617 4324 758 4383 orationis
780 4343 866 4382 meae
886 4343 990 4382 cursus
1012 4343 1086 4381 aura
1107 4323 1204 4380 facili-

71 4426 137 4483 tatis
152 4432 273 4484 vestrae
289 4424 459 4484 adiuvetur.
493 4425 660 4504 Equidem,
675 4426 727 4498 ubi
744 4427 884 4503 Spartam
897 4423 1073 4497 considero,
1092 4423 1206 4482 nullam

939 4525 981 4583 1*
