2800 4976
753 217 792 274 bb

207 412 380 494 nuperrime
399 410 532 486 benigne
551 407 638 468 datas
659 427 728 466 sese
748 404 978 482 religiosissime
996 401 1179 478 obstringet,
1200 410 1333 479 atquem

207 515 303 592 Regis
332 513 450 592 optimi,
474 521 509 570 ut
531 509 636 570 domus
658 510 780 586 regiae,
802 517 835 566 ut
856 506 974 584 imperii
996 503 1152 563 Borussioi
1174 503 1268 560 saluti
1292 503 1332 560 ad-

209 615 262 676 dat
282 615 533 698 perpetuitatem,
563 631 710 673 summurn
737 629 850 668 numen
880 627 972 686 prece
994 606 1219 684 impensissima
1242 606 1336 684 implo—
1380 682 1381 690 ἵ

209 717 300 778 rabit.
343 716 430 777 Dixi.

738 1229 810 1311 VI.

208 1377 342 1474 oratio
370 1397 561 1474 natalicus
587 1397 774 1472 Friderioi
798 1395 980 1472 curretur
1002 1397 1072 1470 ΠΙ.
1104 1396 1343 1470 oeresranors

384 1527 418 1602 d.
443 1551 499 1601 111.
522 1555 571 1600 m.
587 1526 686 1625 Aug.
709 1553 742 1600 a.
768 1549 1001 1600 nnoooxvru.
1020 1525 1164 1600 habita.

694 1701 845 1710 ——

290 1805 480 1862 Recurrente
507 1803 566 1862 hoc
593 1800 643 1861 die
675 1802 904 1880 exoptatissimo
928 1801 1002 1860 mihi
1033 1809 1063 1860 et
1090 1801 1177 1860 vobis
1198 1802 1345 1874 omnibus,

205 1906 264 1963 viri
280 1905 546 1980 excellentissimi,
567 1906 716 1976 illustres,
734 1905 889 1982 generosi,
906 1903 1044 1990 collegae
1061 1905 1250 1980 gravissimi,
1267 1927 1346 1964 com-

205 2007 357 2066 militones
380 2007 526 2085 imprimis
552 2008 629 2082 cari,
651 2006 728 2065 nulli
750 2006 838 2063 huius
859 2005 946 2082 regni
969 2005 1086 2064 civitati
1108 2026 1198 2085 quam
1222 2018 1346 2068 nostrae

205 2107 410 2168 doctrinarum
430 2109 554 2168 scholae
574 2109 689 2187 gratius
708 2106 850 2166 accidere
872 2115 985 2185 potest,
1010 2106 1091 2185 quod
1105 2107 1155 2168 hie
1177 2107 1245 2169 dies
1267 2120 1349 2171 totus

205 2211 402 2270 sollemnibus
431 2209 497 2270 dari
525 2219 556 2270 et
588 2209 683 2269 ‹licari
712 2210 805 2284 solet,
834 2209 942 2288 quibus
964 2209 1082 2286 Regem
1101 2212 1348 2286 potentissimum

203 2312 292 2372 nobis
317 2311 462 2372 divinitus
484 2311 626 2371 donatum
651 2332 766 2386 summa
789 2332 854 2369 oum
883 2310 1002 2369 laetitia
1024 2310 1231 2388 celebremus,
1252 2315 1347 2376 bene·

203 2415 273 2472 ficia
295 2413 411 2472 abillo
432 2415 477 2474 rei
497 2414 640 2494 publicae
662 2413 773 2472 collata
790 2412 1019 2492 praedicemuS,
1042 2421 1194 2491 postremo
1215 2417 1270 2493 pia
1292 2440 1346 2496 pro

203 2515 287 2575 illius
309 2515 408 2575 salute
433 2525 463 2576 et
489 2517 590 2575 futuro
612 2516 737 2596 imperio
760 2522 832 2574 vota
855 2515 1072 2592 suscipiamus:
1100 2517 1173 2595 quia
1195 2519 1348 2580 universi-

202 2626 249 2678 tas
273 2625 376 2678 nostra
396 2619 564 2678 litterarum
588 2618 670 2678 illius
692 2617 922 2696 sapientissimis
945 2616 1078 2676 consiliis
1103 2627 1175 2677 ente
1198 2629 1270 2680 octo
1295 2645 1346 2681 an·
1383 2629 1384 2638 ’

201 2741 257 2780 nos
283 2701 419 2793 condita,
441 2729 475 2778 ut
496 2741 589 2799 saepe
612 2727 718 2792 antea,
748 2719 792 2776 sio
813 2718 872 2777 hoc
899 2719 1086 2796 potissimum
1110 2741 1204 2794 anno,
1229 2745 1347 2786 summa

201 2823 306 2899 regiae
335 2821 551 2900 benignitatis,
580 2821 821 2893 munificentiae,
850 2821 984 2880 lenitatis
1010 2819 1192 2882 documenta
1216 2837 1346 2904 experte

203 2932 257 2983 est.
301 2925 425 2983 Etenim
442 2945 480 2984 ne
502 2925 619 2983 minora
643 2943 885 2998 commemorem,
911 2943 1093 3004 quamquam
1106 2925 1138 2982 in
1153 2925 1201 2984 his
1222 2947 1345 3010 quoque

201 3024 283 3084 haud
307 3024 399 3084 dubia
415 3025 653 3086 benevolentiae
676 3025 857 3102 significatio
879 3026 976 3098 inest,
1000 3027 1201 3104 quisquamne
1225 3030 1343 3090 dubita·

202 3127 263 3201 bit,
287 3127 359 3208 quin
381 3128 510 3206 insignis
532 3128 609 3186 haec
629 3127 724 3205 Regis
747 3127 844 3203 gratia
865 3127 971 3200 fuerit,
993 3127 1074 3207 quod
1098 3127 1241 3190 doctores
1266 3155 1344 3192 com-

201 3228 305 3308 plures
332 3229 525 3289 universitati
551 3237 673 3289 nostrae
699 3228 797 3288 additi
818 3229 991 3308 nuperrime
1015 3238 1097 3302 sunt,
1123 3231 1209 3310 iique
1232 3237 1341 3311 partim

202 3351 241 3390 ex
270 3330 339 3389 aliis
369 3330 533 3396 academiis
557 3331 616 3390 huc
645 3332 764 3404 vocati,
791 3339 825 3390 ut
846 3352 973 3390 munera
994 3353 1055 3391 non
1078 3333 1144 3391 sine
1164 3354 1269 3395 rerum
1292 3359 1340 3394 no-

200 3440 328 3492 strarum
350 3431 530 3492 detrimento
546 3453 646 3492 vacua
668 3433 875 3510 occuparent?
897 3433 978 3513 quod
993 3435 1132 3492 instituta
1149 3446 1265 3512 nostra,
1281 3461 1338 3498 rne-

201 3533 270 3593 dica
290 3534 482 3612 praesertim,
507 3534 564 3592 hoc
585 3536 651 3613 ipse
675 3556 754 3593 anno
775 3544 864 3594 aucta
888 3544 918 3594 et
941 3536 1120 3599 confirmata-
1142 3540 1239 3598 sunt?
1262 3541 1337 3622 quod

199 3635 319 3713 legibus
335 3636 490 3714 superiore
506 3655 586 3694 anno
601 3637 801 3714 promulgatis
814 3638 882 3696 Rex
898 3638 1141 3714 sapientissimus
1155 3639 1244 3714 haec,
1262 3665 1337 3724 quae

199 3757 280 3795 nune
303 3737 431 3814 primum
460 3738 702 3814 conspiciuntur,
723 3747 858 3816 sceptra,
881 3739 1043 3817 potestatis
1063 3749 1184 3800 nostrae
1208 3745 1334 3823 insignia

199 3839 385 3917 amplissima
413 3846 445 3896 et
472 3838 734 3917 splendidissima,
762 3861 877 3912 summa
900 3861 965 3899 oum
987 3841 1334 3906 liberalitateaddidit?

198 3940 264 3997 Iam
292 3959 364 3997 voro
392 3959 484 4020 quum
510 3941 561 4003 hic
591 3961 688 4000 annus
715 3943 760 4000 rei
787 3942 929 4019 publicae
958 3964 1050 4021 quum
1081 3945 1246 4006 universae
1277 3958 1330 4007 turn

198 4041 331 4098 maxime
346 4039 514 4098 litterariae
528 4043 699 4106 ,mutatione
713 4043 923 4102 ministrorum.
937 4047 1107 4122 regiorum,
1130 4049 1184 4125 qui
1203 4069 1331 4108 summae

198 4161 298 4200 rerum
318 4141 484 4230 praepositi
506 4150 592 4216 sunt,
615 4144 819 4204 memorabilis
841 4145 948 4221 fuerit,
972 4147 1039 4227 quis
1060 4157 1106 4206 est
1130 4151 1203 4228 quin
1222 4151 1328 4210 intelli-

196 4250 263 4319 gat,
289 4243 360 4301 huic
388 4243 581 4302 universitati
606 4246 724 4321 Regem
754 4248 864 4324 optime
893 4248 1095 4322 consuluisse,
1124 4251 1220 4328 quod,
1245 4273 1329 4331 quum

195 4344 249 4402 ille
274 4343 361 4402 nobis
392 4345 576 4420 eriperetur,
603 4346 655 4424 qui
677 4353 720 4403 tot
741 4367 796 4424 per
818 4368 913 4408 annos
935 4369 983 4408 res
1009 4358 1128 4411 nostras
1149 4353 1243 4425 bene,
1267 4355 1326 4414 dili·
