2800 4976
598 275 637 334 43

580 361 641 368 -...-

17 465 241 524 nnlationem
261 483 379 522 omnem
407 463 446 522 ab
469 465 596 524 oratoris
619 463 768 542 dignitate
795 463 903 542 procul
925 483 994 522 esse
1014 471 1102 542 puto:
1126 461 1181 524 sed

17 568 89 624 solo
110 567 183 624 hoc
203 565 253 625 die
270 565 436 644 quidquam
454 567 576 642 gravius
593 567 749 625 tristiusve
765 565 877 624 dicere.
896 563 1037 624 Eruditio
1057 565 1178 645 quidem

17 677 133 728 nostra
166 667 289 727 nemini
315 668 415 744 obest:
445 670 530 728 etin
555 667 631 728 urbe
653 669 739 746 regia
760 667 879 726 litteras
901 666 1041 726 babitare
1061 674 1092 726 et
1112 667 1179 726 urbi

17 781 45 838 et
69 771 206 830 litteris
222 768 381 829 conducit:
404 769 487 844 orbi,
509 789 548 829 ne
565 768 647 829 docti
669 777 865 840 censeantur,
888 769 941 848 qui
959 768 1072 828 indocti
1092 776 1178 846 sunt3

16 873 158 947 litteris,
187 892 229 931 ne
252 871 378 930 lateant.
423 872 504 932 Num
521 892 595 932 vero
616 873 698 931 vires
721 871 814 930 animi
832 870 923 931 rebus
942 873 1059 950 pacatis
1080 871 1178 930 minus

16 975 136 1032 valent
170 993 268 1053 qnam
293 971 446 1033 turbidis?
473 993 545 1033 num
573 974 698 1052 imperio
720 972 859 1032 restituto
882 972 1007 1032 inutiles
1030 973 1179 1050 consopiri

16 1075 174 1135 debent?
217 1076 313 1134 Immo
341 1076 440 1134 acrius
466 1073 673 1134 intendendae
702 1083 732 1134 ct
761 1072 953 1134 exercendae
983 1075 1069 1154 ipsae
1099 1081 1178 1134 sunt.

16 1176 108 1254 Quid
127 1176 245 1236 enim?
267 1178 377 1236 Nonne
392 1198 440 1237 res
455 1177 593 1255 publicas
608 1177 753 1255 plurimas
768 1195 845 1256 pace
866 1174 1013 1253 languida
1027 1177 1178 1255 torpuisse

16 1288 49 1338 et
73 1280 226 1357 segnitia
248 1298 316 1338 esse
336 1278 536 1338 labefactatas
555 1279 690 1339 scimus?
714 1277 859 1357 Quodne
882 1276 1017 1352 accidat,
1038 1285 1085 1338 est
1104 1279 1177 1337 civi-

16 1382 146 1440 tatibus
181 1379 353 1440 cavendum
376 1382 517 1442 maxime.
561 1381 669 1461 Itaque
696 1389 729 1440 ut
748 1381 873 1439 Domini
893 1379 987 1438 nostri
1007 1378 1177 1440 clementis·

18 1485 93 1542 simi
117 1483 277 1558 consiliis,
303 1503 382 1563 quae
404 1483 478 1550 mihi
506 1481 614 1542 videor
632 1484 802 1542 rectissime
823 1482 1033 1560 interpretari,
1055 1483 1176 1541 satisfa-

19 1587 161 1660 ciamus,
186 1587 269 1644 viam
287 1606 377 1665 quam
396 1585 524 1663 ingressi
547 1605 659 1658 sumus,
680 1583 787 1644 sedulo
809 1583 952 1643 debemus
972 1585 1123 1663 persequi,
1146 1593 1178 1644 et

21 1687 144 1765 quibus
176 1687 293 1746 artibus
319 1687 464 1747 Bornssia
491 1707 610 1766 semper
645 1687 784 1759 eminuit,
815 1705 853 1744 ac
881 1683 1032 1744 Friderici
1061 1685 1177 1762 Magni,

21 1788 211 1848 libertatem
243 1790 411 1849 animorum
438 1789 597 1867 insigniter
625 1789 755 1864 tuentis,
777 1787 950 1866 exemplum
974 1786 1091 1845 illustre
1119 1786 1177 1845 sibi

26 1900 101 1949 ante
133 1891 245 1950 oculos
275 1911 449 1974 proponens
476 1891 603 1969 posthac
631 1890 791 1963 eminebit,
820 1909 922 1948 earum
950 1889 1019 1949 luce
1048 1889 1177 1966 patriam

24 1993 212 2052 illuminare
233 1994 406 2072 civiumque
425 1993 605 2052 felicitatem
628 1991 785 2051 adiuvare.
830 1991 894 2050 Vos
916 1999 1031 2065 autem,
1056 1991 1176 2050 commi·

26 2095 156 2169 litoneS,
183 2115 275 2175 quam
290 2095 408 2173 legibus
431 2094 644 2168 obedientiam,
667 2115 758 2173 quam
773 2095 882 2153 litteris
904 2092 1082 2152 industriam
1104 2092 1175 2152 buc·

27 2217 130 2275 usque
167 2196 380 2275 praestitistis,
407 2217 497 2275 porro
524 2204 687 2275 praestate.
732 2195 821 2272 Quae
848 2196 874 2252 si
896 2194 987 2254 hodie
1009 2195 1174 2272 religiosis-

29 2299 106 2358 sime
136 2299 335 2380 pollicemur,
366 2299 532 2376 gratiarnm
560 2297 713 2358 actionem
733 2297 813 2375 Regi
837 2297 948 2374 optimo
975 2297 1176 2374 gratissimam

30 2420 99 2460 csse
125 2401 243 2460 factam
266 2401 403 2461 arbitror.

119 2501 216 2580 Quod
235 2511 336 2562 autem
356 2504 466 2581 pignus
489 2504 676 2562 carissimum
690 2501 857 2560 voluntatis
878 2501 982 2578 regiae
998 2521 1053 2580 per
1068 2519 1175 2559 manus

33 2605 92 2662 viri
124 2605 234 2664 eximii
262 2604 404 2664 traditum
433 2605 620 2684 accepimus,
649 2602 681 2661 id
708 2612 848 2680 superest
870 2611 903 2661 ut
921 2600 1079 2660 videamus
1101 2621 1175 2680 quo-

34 2706 123 2765 modo
154 2706 299 2766 traditum
327 2708 373 2766 sit.
420 2707 520 2784 Quam
545 2727 609 2766 rem
639 2707 844 2782 ingressurum
872 2723 934 2762 non
963 2703 1001 2761 ab
1028 2723 1062 2762 re
1085 2703 1177 2762 fucrit

35 2810 214 2867 memoriam
233 2817 401 2887 temporum
420 2807 592 2888 explicare,
615 2827 675 2886 quo
695 2807 898 2884 intelligatur,
919 2804 1028 2884 quibus
1044 2805 1175 2864 maiores

38 2911 230 2970 caerimoniis
258 2911 379 2970 scholas
399 2918 432 2969 ut
453 2909 582 2988 templa,
609 2918 644 2967 ut
663 2909 771 2980 urbeS,
799 2917 832 2966 ut
855 2907 990 2966 colonias
1013 2907 1174 2984 inaugura·

38 3012 152 3086 verint,
175 3019 207 3071 et
228 3032 287 3091 quo
305 3013 444 3091 opposita
461 3013 547 3070 iuxta
568 3011 721 3090 seposita
735 3011 831 3087 magis
853 3009 1043 3067 illucescant.
1066 3008 1176 3088 Itaque

39 3131 76 3168 ne
103 3114 267 3190 peregrina
295 3121 466 3186 consecter,
496 3133 534 3172 ex
555 3111 671 3170 familia
692 3131 774 3169 nuno
794 3111 880 3188 regia
903 3108 1078 3168 Fridericus
1100 3111 1176 3168 Ter-

42 3213 97 3271 tius
118 3216 260 3287 Elector,
281 3216 333 3293 qui
353 3235 423 3274 moer
440 3215 553 3292 primus
568 3234 624 3274 rex
642 3213 806 3272 Bornssiae
830 3212 949 3284 extitit,
972 3211 1067 3288 Regis
1082 3213 1176 3270 nostri

43 3323 167 3389 atavus,
189 3317 360 3395 principum
381 3317 562 3376 novissimus
585 3325 646 3390 est,
674 3317 726 3395 qui
748 3314 978 3374 universitatem
997 3312 1176 3372 litterariam

45 3416 227 3477 condiderit:
259 3418 344 3476 cuius
374 3416 597 3476 dedicationem
621 3416 823 3495 quadriennio
853 3422 922 3493 post
944 3413 1176 3492 Christophorus

48 3513 196 3578 cellarius
222 3520 305 3577 iussu
322 3519 476 3596 Principis
500 3519 531 3577 in
556 3520 675 3578 litteras
701 3517 831 3590 rettulit,
853 3515 1016 3594 atquibus
1042 3515 1122 3574 curis
1143 3523 1174 3574 et

47 3619 139 3679 studio
161 3629 275 3699 quanto
291 3618 449 3679 academia
460 3619 605 3678 Halensis
621 3620 765 3678 inchoata
782 3626 812 3676 et
825 3617 965 3704 pprfecta
985 3625 1076 3688 esset,
1092 3615 1174 3695 apud

45 3730 176 3795 posteros
199 3729 363 3781 constaret.
393 3719 571 3798 Quaedam
593 3722 678 3798 lego,
701 3719 857 3796 obstupui:
876 3739 934 3778 nco
948 3737 1079 3796 possum,
1102 3717 1176 3796 quin

47 3818 110 3880 inde
126 3822 277 3904 quaedam
293 3822 484 3902 depromam:
508 3821 617 3902 quodsi
631 3822 744 3881 vellem
759 3821 859 3879 omnia
873 3841 928 3898 pro
945 3839 1044 3879 rerum
1059 3820 1175 3896 magni·

47 3920 161 3983 licentia
189 3943 360 4004 exponere,
397 3923 476 3982 diem
506 3921 635 3981 dicendo
665 3923 862 3982 absumerem.
906 3922 985 3982 Nam
1013 3929 1175 4002 postquam

49 4020 180 4100 Elector,
205 4026 262 4084 etsi
277 4025 360 4084 bello
380 4025 480 4084 omnia
495 4023 718 4102 personabant,
737 4025 913 4083 convocatis
929 4023 1080 4100 magistris
1097 4043 1175 4081 com-

48 4123 189 4200 pluribus,
212 4147 251 4186 ex
268 4127 403 4207 equestri
419 4124 508 4199 ludo,
531 4145 620 4203 quem
638 4145 751 4204 parens
770 4125 872 4184 Halae
893 4123 1086 4196 condiderat,
1111 4124 1173 4200 agi-

50 4231 132 4287 tatam
154 4228 224 4286 olim
246 4227 366 4286 Alberti
384 4225 558 4286 Cardinalis
578 4234 681 4285 mente
705 4225 892 4284 academiam
914 4225 1058 4284 instituit:
1083 4245 1173 4302 quum

51 4343 83 4382 ex
98 4331 183 4409 aquis
207 4328 358 4388 Carolinis
379 4328 557 4387 Berolinum
578 4326 677 4386 redux
699 4326 738 4385 ad
751 4326 919 4385 Halensem
940 4326 1044 4386 urbem
1065 4345 1173 4404 perve-
1213 4407 1215 4412 ,

51 4426 149 4505 nisset,
170 4430 296 4489 miratus
319 4449 475 4490 numerum
497 4427 737 4489 adolescentium
759 4427 817 4486 sibi
838 4447 893 4508 per
911 4427 1044 4488 officium
1071 4425 1173 4488 obvio·
