2800 4976
572 261 611 318 59

17 451 181 510 ‚octrinae
208 470 227 508 a
254 449 409 510 nonnullis
437 447 641 508 commendari
669 446 782 520 solent,
810 455 844 506 ut
872 447 989 506 civitati
1009 447 1160 508 ministros

17 553 43 610 ‚d
66 555 231 630 imperata
252 561 338 612 recte
361 549 506 612 facienda
528 559 560 610 et
577 550 701 626 negotia
722 549 846 626 publica
867 549 1047 609 famulorum
1065 551 1159 609 instar

19 656 73 714 ine
95 656 224 713 ratione
245 662 298 714 aut
312 655 416 732 aliquo
437 655 548 712 affeetu
569 651 706 729 gerenda
728 651 969 710 accommodatos
983 651 1158 730 praebeant,

17 765 38 814 Ι1
61 757 212 834 opificia,
237 756 347 837 quibus
371 756 482 815 civium
505 754 645 813 fortunae
668 751 866 828 adiuventur,
890 754 1022 812 inventis
1045 773 1156 832 suppo-

17 858 157 917 litandis
183 866 334 935 augeant:
364 876 547 936 quamquam
576 875 615 914 ue
638 855 696 914 hoc
723 854 846 934 quidem
870 852 1073 933 spernendum
1095 865 1156 915 est:

17 960 63 1018 ed
94 980 229 1038 prorsus
259 967 365 1019 contra
390 958 491 1017 iudico
518 959 636 1016 litteras
663 977 763 1036 neque
793 955 869 1015 illud
891 964 1047 1034 praestare
1068 977 1158 1036 posse

17 1082 115 1142 reque
150 1061 193 1120 ad
215 1063 274 1121 hoc
297 1061 385 1138 dirigi
407 1059 530 1120 debere.
574 1059 698 1117 Etenim
721 1061 750 1116 ei
772 1059 832 1130 rei,
861 1060 1068 1138 quamprimo
1091 1061 1157 1120 loco

17 1166 114 1240 rosui,
145 1165 267 1224 litteras
292 1184 354 1222 non
377 1163 539 1233 inservire,
570 1160 622 1219 vel
642 1161 713 1218 hine
735 1161 930 1237 intelligitur,
957 1161 1039 1239 quod
1061 1162 1156 1221 scien·

17 1266 86 1323 iam
110 1267 248 1345 quisque
279 1286 340 1324 non
368 1265 557 1323 extrinsecus
586 1261 763 1336 addiscere,
790 1261 845 1322 sed
872 1282 934 1320 non
961 1263 1020 1322 nisi
1043 1284 1082 1322 cx
1104 1283 1158 1323 suo

17 1368 114 1426 animo
147 1367 274 1426 haurire
302 1376 333 1426 et
360 1367 448 1447 quasi
476 1366 632 1444 explicaro
660 1366 757 1442 perito
779 1367 925 1442 magistro
947 1363 1025 1424 duce
1046 1373 1157 1442 potest,

17 1469 162 1548 puodque
191 1470 339 1528 scientiae
369 1469 596 1554 etulitterarum
618 1468 665 1526 vis
694 1487 730 1525 ac
757 1474 894 1544 potestas
922 1487 981 1526 non
1006 1468 1037 1526 in
1059 1487 1157 1526 rerum

17 1571 269 1648 ruotidianarum
296 1571 439 1630 memoria
462 1580 493 1630 et
516 1569 694 1642 traditione,
718 1587 819 1646 neque
841 1568 873 1627 in
896 1567 1026 1648 quadarn
1049 1589 1156 1629 secun·

17 1671 84 1730 dum
106 1674 201 1750 leges
223 1675 421 1752 praestitutas
444 1671 558 1750 agendi
577 1671 723 1730 facultate
746 1670 847 1748 posita
870 1679 930 1744 est,
953 1669 1009 1729 sed
1031 1672 1063 1730 in
1080 1670 1156 1730 libe·

17 1774 70 1832 rali
98 1783 131 1834 et
155 1776 303 1834 interiore
326 1781 356 1833 et
377 1793 417 1834 ex
439 1776 516 1851 ipsis
536 1773 694 1851 principiis
717 1770 898 1831 deducenda
919 1792 1019 1830 rerum
1038 1771 1156 1832 divina·

17 1897 80 1934 rum
101 1886 134 1935 et
155 1878 358 1934 humanarum
375 1877 559 1952 cognitione.
582 1875 624 1932 Et
639 1881 721 1933 certe
741 1873 937 1951 disciplinae,
957 1875 983 1932 si
1002 1873 1041 1932 ad
1057 1876 1155 1948 istum,

17 1999 106 2055 quem
131 1979 217 2050 dixi,
246 1979 457 2056 imperantium
477 1999 564 2036 usum
583 1985 674 2035 natae
698 1983 951 2054 comparataeque
974 1985 1092 2052 essent,
1117 1977 1157 2036 ad

18 2081 163 2138 maiorem
183 2081 215 2137 iu
235 2080 300 2138 dies
316 2079 535 2158 perfectionem
555 2078 644 2138 evehi
661 2097 763 2157 neque
777 2085 903 2156 possent
917 2097 976 2136 neo
994 2077 1154 2154 deberent,

18 2180 229 2260 theologoque
252 2181 367 2260 placita
389 2189 490 2240 aetate
513 2181 646 2253 sancita,
671 2178 882 2238 iurisconsulto
900 2188 1040 2257 receptas
1062 2180 1157 2258 leges,

19 2282 136 2341 medico
163 2292 331 2362 praecepta
358 2283 450 2360 vulgo
475 2282 668 2360 comprobata
691 2281 828 2340 ediscere
849 2279 1034 2358 sufficiebam
1056 2283 1155 2360 philo-

19 2384 125 2460 sophia
149 2393 270 2459 autem,
297 2405 376 2463 quae
397 2406 430 2444 se
454 2384 492 2443 ad
514 2385 570 2443 has
593 2385 749 2460 angustias
770 2381 868 2459 redigi
890 2383 975 2442 nullo
996 2384 1083 2443 modo
1101 2405 1154 2462 pa·

20 2485 104 2559 titur,
134 2486 283 2566 pellenda
311 2496 341 2545 01
367 2485 586 2566 proscribenda
619 2493 694 2544 crat.
737 2483 821 2561 Quid
847 2486 874 2544 si
903 2495 988 2560 sunt,
1019 2488 1072 2566 qui
1099 2488 1156 2546 hoc

21 2587 200 2660 postulent?
236 2590 330 2648 Immo
353 2609 408 2665 per
430 2589 586 2649 Orientem
609 2587 675 2646 fere
700 2588 873 2646 universum
897 2590 1025 2647 omnium
1047 2591 1156 2648 doctri·

22 2707 125 2746 narum
156 2691 235 2750 fines
262 2689 433 2749 istiusmodi
455 2688 600 2748 limitibus
624 2697 654 2747 et
676 2690 765 2768 quasi
786 2690 942 2749 moenibus
964 2689 1074 2750 Sinicis
1099 2693 1154 2750 cir·

26 2789 178 2850 cumdatos
202 2812 269 2852 esse
290 2794 443 2852 novimus:
473 2813 531 2850 nec
551 2793 618 2850 sine
639 2811 798 2851 successu:
821 2813 931 2870 nempe
952 2794 1154 2871 perpetuitate

25 2889 204 2971 disciplinae
231 2896 379 2974 consopiti
404 2897 497 2954 animi
521 2902 603 2968 sunt,
634 2902 785 2973 postremo
809 2902 928 2971 torpore
955 2897 1043 2955 morti
1066 2916 1156 2975 quam

25 2992 102 3051 vitae
123 2996 270 3055 similiore
288 2997 410 3074 sepulti.
454 2997 522 3056 Nec
542 2995 668 3055 multum
686 2995 806 3070 aberat,
829 2998 902 3075 quin
925 2999 1081 3074 pontificia
1105 2999 1155 3058 do-

25 3093 186 3157 minatione
202 3099 345 3177 Europae
364 3099 468 3176 populi
486 3099 517 3156 111
539 3098 621 3157 idem
643 3098 800 3156 servitium
819 3107 956 3172 ruerent,
979 3100 1038 3158 nisi
1057 3101 1153 3159 inten-

27 3193 79 3252 tior
91 3197 270 3259 Occidentis
287 3201 334 3258 vis
357 3209 387 3258 ct
406 3201 500 3258 virtus
515 3208 632 3258 mature
655 3200 709 3258 illa
730 3201 855 3259 vincula
873 3201 1069 3279 perrupisset.
1094 3201 1155 3261 Sed

27 3304 110 3357 uteo
132 3301 273 3375 redeam,
293 3300 374 3360 unde
391 3321 500 3361 vereor
515 3323 554 3360 ne
574 3303 743 3382 paullulum
766 3301 929 3362 deflexisse
944 3302 1059 3377 videar,
1081 3323 1154 3382 quo-

28 3397 101 3458 niam
123 3403 246 3464 litterae
274 3411 358 3462 recte
387 3403 488 3462 cultae
510 3405 591 3463 hunc
614 3425 714 3464 rerum
736 3413 847 3463 statum
868 3425 928 3463 non
951 3404 1039 3464 modo
1062 3405 1155 3464 abnu-

30 3509 89 3573 unt,
112 3505 167 3563 sod
188 3505 297 3565 tollere
321 3514 482 3581 conantur,
502 3507 615 3584 quippe
639 3527 718 3587 quae
740 3527 800 3565 non
821 3505 868 3579 id,
892 3504 973 3585 quod
996 3507 1088 3583 vulgo
1106 3527 1154 3566 re·

31 3613 141 3678 septum
163 3609 217 3682 sit,
238 3606 383 3686 probent,
410 3607 465 3666 sed
487 3608 567 3687 quod
588 3629 689 3667 rerum
714 3617 823 3666 natura
845 3617 876 3667 01
896 3616 982 3667 recta
1002 3610 1079 3667 ratio
1101 3630 1154 3667 ex-

30 3719 146 3775 poscere
168 3708 324 3785 videatur,
351 3717 436 3786 patet
455 3718 536 3768 artes
568 3719 599 3768 et
621 3709 798 3788 disciplinas
821 3709 860 3768 ad
882 3711 996 3769 nullam
1016 3732 1080 3770 rem
1100 3713 1153 3770 mi·

32 3820 80 3861 ssus
107 3819 192 3886 aptas
222 3831 304 3883 esse,
334 3831 423 3888 quam
451 3810 490 3869 ad
518 3812 604 3884 illos,
636 3832 710 3891 quos
735 3811 919 3888 significavi,
942 3812 1071 3874 famulos
1093 3815 1153 3874 for·

33 3906 156 3969 mundos.
200 3912 298 3988 Igitur
327 3933 418 3991 quum
440 3913 498 3970 hoc
529 3915 551 3971 ii
577 3935 638 3972 non
659 3915 813 3990 ignorent,
844 3915 980 3992 quirem
1001 3917 1154 3994 publicam

34 4001 83 4064 ista
101 4013 217 4071 ratione
241 4013 461 4086 administrari,
485 4033 574 4094 quam
593 4036 647 4093 pro
667 4024 792 4074 renata
813 4015 978 4093 prudenter
1001 4018 1155 4077 emendari

33 4107 149 4187 malunt,
182 4113 321 4174 cordatos
349 4115 529 4174 eruditionis
561 4125 592 4174 et
620 4118 791 4195 sapientiae
819 4118 979 4194 magistros
1011 4127 1154 4199 tanquam

38 4223 212 4291 corruptores
240 4217 428 4293 ingeniorum
456 4225 486 4276 et
514 4218 646 4277 civitatis
675 4219 829 4292 incusant,
860 4221 913 4297 qui
937 4239 1029 4298 quum
1056 4241 1156 4279 rerum

38 4313 223 4379 gerendarum
252 4317 385 4395 imperiti
411 4319 470 4396 ipsi
499 4319 573 4391 sint,
602 4329 703 4379 tamen
728 4321 981 4397 pragmaticorum
1008 4323 1155 4380 rationem

39 4415 246 4486 reprehendere
269 4418 468 4498 superciliosa
498 4439 626 4479 censura
648 4421 796 4493 audeant,
824 4423 1013 4505 iuvenesque
1036 4432 1158 4484 erecta.
