2800 4976
766 262 805 320 ll

680 349 887 358 —--—-.—.—

214 471 294 523 rum,
320 451 448 510 consilio
471 458 619 510 maturato
634 451 868 530 privilegiisque
886 449 1047 510 Caesareis
1067 453 1266 531 impetratis,
1293 453 1369 532 quod

215 552 292 612 nihil
315 555 376 611 iarn
398 553 483 631 operi
509 573 588 612 novo
619 551 726 612 deesse
751 551 912 612 videbatur
934 573 1025 634 quarn
1051 554 1126 612 ritus
1149 554 1326 614 sollemnis
1346 564 1370 613 et

215 654 325 730 religio
348 655 603 726 consecrationis,
626 655 766 735 apparari
791 655 891 727 iussit,
913 655 1024 732 quibus
1047 653 1208 732 splendide
1235 656 1371 734 inaugu-

217 763 346 814 raretur.
392 753 538 815 Calendis
558 756 663 832 Iuliis,
692 757 766 836 ipsis
792 757 946 834 Principis
973 755 1144 829 natalibus,
1168 755 1370 815 academiam

217 856 458 916 Fridericianam
481 873 565 917 more
581 859 707 937 antiquo
729 856 904 916 dedicatum
920 858 957 916 iri
979 857 1079 918 edicto
1098 857 1207 935 lingua
1232 867 1370 940 utraque

217 959 373 1038 proposito
395 958 584 1037 divulgatum
606 968 667 1034 est,
691 957 804 1018 additis
824 959 932 1033 causis,
955 980 1034 1039 quae
1049 959 1230 1038 Principem
1249 961 1296 1019 ad
1321 982 1368 1020 no·

218 1081 289 1120 vam
318 1060 435 1121 artibus
462 1061 567 1120 sedem
591 1059 785 1120 statuendam
807 1061 1012 1139 impulissent,
1036 1061 1156 1140 locique
1181 1066 1370 1140 opportuni-

219 1171 282 1222 tate
299 1161 527 1222 commendata:
551 1161 683 1221 Ordines
699 1160 941 1240 Magdeburgici,
958 1183 1084 1242 quorum
1101 1164 1235 1240 posthae
1254 1167 1371 1224 eximia

220 1265 251 1324 iu
279 1265 385 1324 schola
414 1273 446 1324 et
473 1263 644 1324 dedicanda
672 1273 702 1322 et
726 1263 937 1324 conservanda
958 1264 1126 1324 liberalitas
1152 1265 1232 1340 fuit,
1258 1267 1372 1327 litteris

203 1367 425 1444 'singularibus
448 1365 607 1426 admoniti:
637 1373 760 1426 ceterae
788 1367 1003 1426 universitates
1027 1365 1370 1446 Braudenburgicaea

223 1467 362 1527 Concilio
390 1469 596 1547 professorum
622 1469 786 1542 invitatae,
814 1477 849 1528 ut
870 1469 1024 1528 mitterent
1043 1469 1095 1548 qui
1118 1468 1278 1531 conditori
1307 1492 1368 1550 gra-

221 1579 374 1646 tarentur,
403 1570 524 1630 scholae
544 1589 653 1630 recens
677 1577 768 1630 natae
787 1569 866 1629 bene
888 1577 1097 1650 precarentur.
1140 1569 1240 1630 Porta
1262 1575 1369 1632 trium·

222 1671 323 1752 phalis
350 1693 369 1730 a
398 1671 540 1732 studiosis
568 1680 738 1747 exstructa,
768 1679 875 1730 ornatu
903 1671 1052 1749 eleganti,
1078 1692 1144 1729 cunr
1167 1675 1304 1748 statuis,
1330 1677 1368 1733 iu-

222 1773 376 1852 signibus,
396 1775 524 1849 tabulis,
542 1773 801 1852 inscriptionibus,
828 1775 889 1834 Die
909 1774 1189 1852 appropinquante,
1207 1778 1368 1836 confluen-

222 1877 303 1936 tibus
330 1875 465 1956 undiquc
494 1876 685 1935 sollemnium
709 1875 932 1955 spectatoribus
960 1873 1166 1953 testibusque,
1191 1897 1232 1936 ex
1258 1881 1369 1937 vicinis

223 1980 354 2038 maxime
370 1977 552 2052 academiis,
572 1978 731 2055 praemissi
746 1997 785 2036 ex
802 1977 888 2050 aula,
910 1977 961 2056 qui
980 1986 1159 2054 apparatum
1176 1985 1207 2036 et
1223 1999 1369 2058 pompam

222 2080 384 2140 militarem
406 2081 602 2139 instruerent.
644 2080 724 2138 Tum
749 2079 886 2139 Electori
906 2098 968 2138 una
990 2099 1057 2136 cum
1080 2078 1259 2139 lectissimis
1281 2083 1367 2140 mini-

223 2191 366 2252 strorum,
393 2202 432 2241 ex
456 2181 565 2262 quibus
586 2181 716 2240 Paulum
736 2181 915 2254 Fuchsium,
941 2189 1089 2239 oratorem
1105 2181 1283 2259 Principis,
1310 2185 1367 2242 Lu·

223 2283 367 2363 dolphum
393 2293 423 2343 et
443 2283 633 2343 Everardum
655 2282 922 2355 Daukelmanuos,
953 2290 984 2341 et
1004 2282 1124 2359 insigne
1147 2282 1225 2341 illud
1249 2285 1366 2344 littera-

222 2407 288 2445 rum
311 2386 404 2446 decus
429 2386 627 2444 Ezechielem
653 2383 870 2464 Spanhemium
892 2384 1029 2456 nomino,
1053 2392 1169 2442 etcum
1195 2383 1368 2447 Ordinibus

222 2489 401 2568 provinciae
429 2489 509 2548 inter
537 2487 616 2546 acris
643 2487 783 2566 campani
809 2486 924 2546 sonitus
948 2494 979 2544 et
999 2492 1213 2545 tormentorum
1237 2489 1366 2567 Magda-

222 2591 318 2668 burgo
331 2589 525 2650 advectorum
536 2591 669 2649 tonitrua
680 2589 872 2667 musicusque
886 2595 1051 2648 concentus
1063 2587 1226 2665 splendido
1243 2593 1367 2668 agmine

222 2693 326 2752 urbem
345 2694 517 2770 ingressuro
538 2691 657 2750 obviam
674 2689 795 2750 fuerunt
811 2691 963 2770 equitatus
983 2691 1126 2748 iuvenum
1142 2690 1297 2752 nobilium
1314 2695 1365 2751 oir-

223 2795 298 2854 citer
319 2798 440 2854 centum
465 2801 495 2853 et
517 2792 753 2872 quinquaginta,
775 2791 886 2850 strictis
908 2791 1034 2868 gladiis,
1056 2800 1104 2865 ut,
1131 2812 1210 2870 quae
1235 2792 1367 2853 Cellarii

223 2895 319 2954 verba
341 2904 425 2970 srrnt,
450 2913 548 2974 aeque
566 2913 598 2953 se
616 2914 634 2952 a
650 2893 757 2951 Martis
780 2912 870 2971 quarn
893 2892 931 2952 ab
950 2892 1104 2973 Apollinis
1124 2893 1295 2972 disciplina
1315 2916 1364 2976 pa·

222 3007 304 3056 ratos
328 2996 573 3075 comprobarent,
590 3004 621 3054 et
635 2995 821 3075 professores
845 3015 911 3053 curn
926 2996 1043 3056 Senatu
1064 2995 1179 3055 urbano
1201 3015 1238 3053 ac
1261 3017 1364 3056 sacer·
1391 3035 1392 3080 ,

224 3099 355 3158 dotibus.
399 3099 460 3158 Die
478 3098 598 3176 gaudiis
620 3105 745 3176 peracto
757 3114 758 3117 ’
770 3105 801 3156 et
820 3117 882 3156 uox
900 3097 1036 3156 laetitiae
1060 3097 1132 3156 data
1147 3097 1364 3178 Principisque

223 3201 432 3274 venerationi,
456 3200 682 3281 symphoniacis
698 3198 894 3258 concentibus
913 3198 1050 3258 Electori
1072 3207 1103 3258 et
1123 3198 1268 3278 Philippo
1292 3200 1364 3260 Gui-

223 3304 315 3362 lelmo
344 3302 431 3361 fratri
453 3301 561 3360 ductis.
605 3302 725 3360 Primus
747 3300 819 3358 Iulii
848 3299 914 3359 dies
943 3308 1009 3358 erat
1036 3299 1221 3360 dominicus:
1248 3322 1364 3361 summo
1391 3281 1392 3296 ἵ

225 3425 314 3464 mane
333 3425 420 3463 sacra
440 3405 472 3462 in
491 3403 613 3482 templis
629 3410 769 3482 peracta3
796 3410 904 3479 postea
924 3421 1026 3460 omnes
1046 3403 1222 3479 spectaculo
1242 3403 1363 3463 intenti.
1391 3439 1392 3448 κ

223 3509 265 3566 Et
286 3506 360 3565 hora
375 3526 457 3565 nona
471 3505 596 3565 Elector
620 3524 658 3562 ex
679 3493 796 3582 palatio
817 3504 848 3561 in
872 3502 1034 3580 collegium
1055 3501 1232 3564 academiae
1254 3514 1364 3564 vectus

223 3609 329 3690 ibique
350 3629 369 3666 a
384 3606 605 3687 professoribus
625 3613 772 3684 exceptus
796 3612 856 3664 est:
881 3603 952 3662 inde
972 3603 1120 3662 classibus
1136 3604 1242 3664 decem
1262 3604 1363 3665 distri·

222 3710 327 3770 butum
344 3729 452 3787 agmen
467 3709 655 3784 immensum,
673 3706 783 3766 eximie
796 3705 1158 3784 magnificentissimeque
1173 3707 1363 3779 instructum,

224 3810 350 3870 totidem
377 3808 594 3890 praeeuntibus
624 3806 874 3868 caduceatoribus
901 3805 1025 3865 duarum
1048 3807 1187 3866 horarum
1210 3810 1313 3885 spatio
1336 3809 1362 3866 iu
1391 3821 1392 3860 3

224 3913 370 3991 templum
396 3911 474 3969 arcis
497 3908 660 3969 deductum
685 3916 745 3984 est;
771 3907 877 3967 cohors
898 3907 1026 3966 militum
1049 3930 1067 3967 a
1090 3909 1203 3968 fronte:
1228 3909 1292 3968 alia
1314 3931 1361 3987 ag·
1391 3969 1392 3972 ,

224 4033 294 4072 men
324 4011 495 4070 claudebat.
539 4009 587 4067 Ibi
617 4007 769 4067 dedicatio
797 4016 938 4088 peracta,
967 4008 1123 4068 assidente
1154 4011 1186 4068 in
1216 4009 1361 4070 tribunali

225 4095 415 4173 ornatissimo
436 4111 580 4169 Electore
603 4129 670 4167 cum
693 4109 786 4169 fratre
804 4119 833 4168 et
854 4111 998 4170 ministris
1018 4111 1108 4170 aulae
1122 4112 1290 4191 primariis,
1317 4134 1360 4172 co·

225 4214 410 4293 mitibusque
443 4211 575 4288 insignia
599 4213 762 4290 portaturis
791 4231 827 4270 ac
857 4211 1079 4288 professoribus
1107 4211 1217 4273 decore
1244 4215 1360 4274 amictis
1391 4219 1392 4276 ἶ

227 4334 392 4393 eorumque
413 4312 602 4372 ductoribus:
624 4322 694 4391 post
710 4333 799 4373 sacra
814 4333 832 4371 a
848 4313 1027 4373 Beniamine
1048 4315 1176 4389 Ursino,
1201 4315 1359 4374 conciona-

240 4435 290 4476 ore
305 4415 457 4494 Principis
476 4415 560 4474 facta
580 4413 695 4473 Paulus
712 4413 863 4474 Fuchsius
881 4415 1016 4474 oratione
1032 4413 1166 4475 facunda
1187 4416 1266 4476 inter
1288 4418 1358 4475 ritus
