2800 4976
788 233 827 292 34

707 321 913 328 -.-—--—

239 433 347 506 quarto
371 431 504 483 exeunte
520 423 549 480 in
573 419 683 500 oppido
699 419 855 479 Onlmeasi
879 419 1011 478 scholam
1034 420 1074 479 ad
1091 419 1192 480 Stadii
1206 422 1386 480 Bononien-

239 530 281 588 sis
301 525 475 604 exemplum
498 525 713 596 constituerat,
734 521 772 579 ab
788 521 913 581 Urbano
929 520 1024 581 Sexto
1041 522 1268 596 confirmatam,
1285 533 1386 581 tamea

239 627 322 710 quod
344 647 382 688 ea
402 635 519 686 mature
542 625 694 684 exstincta
716 633 778 698 est,
808 623 946 682 doctores
975 624 1180 683 ecclesiastici
1201 634 1236 684 et
1259 646 1385 704 praece-

239 740 343 812 ptores
358 739 411 788 ant
432 748 470 786 ex
492 727 622 785 Polonia
637 734 689 784 ant
710 745 727 784 e
744 724 911 784 Germania
932 725 1108 785 arcessendi
1128 736 1233 784 erant:
1260 747 1384 804 quorum

240 842 327 892 tanta
350 832 441 891 etiam
464 828 593 888 Albcrto
620 837 768 904 regnante
788 827 918 904 penuria
939 827 1011 900 fuit,
1034 837 1067 886 ut
1088 828 1247 886 Lntheras
1272 830 1386 906 Rigen-

241 934 325 993 sibus
346 932 538 1010 Albertoqae
559 929 618 1008 ipsi
641 927 816 1006 petentibus
844 927 1024 988 satisfacere
1045 949 1106 987 non
1126 939 1252 1007 posset:
1286 930 1386 988 idonei

241 1034 431 1110 abnuebant3
463 1032 515 1111 qni
537 1030 669 1102 vellent,
700 1030 857 1088 suffecturi
883 1050 945 1088 non
968 1039 1069 1089 erant:
1094 1030 1268 1108 indigenae
1289 1041 1385 1090 antem

239 1139 271 1196 in
291 1135 457 1196 Germania
484 1132 595 1192 litteris
618 1151 741 1210 operam
764 1129 836 1188 dare
864 1151 924 1188 non
946 1140 1102 1210 poterant,
1123 1133 1183 1190 nisi
1205 1143 1266 1192 aut
1287 1155 1320 1192 re
1345 1135 1381 1190 sn-

239 1238 350 1297 miliari
380 1235 493 1314 copiosi
522 1243 640 1307 essent,
666 1241 718 1291 aut
745 1231 904 1308 stipendiis
938 1233 1158 1292 instruerentur
1188 1234 1384 1294 lautioribus.

240 1338 323 1416 Quid
347 1337 426 1418 qnod
443 1335 576 1397 Sabinus
599 1336 631 1393 in
655 1333 784 1412 epistola
802 1331 841 1390 ad
856 1333 979 1392 Petram
1002 1334 1148 1393 Bembum
1171 1334 1382 1408 cardinalem,

240 1461 301 1518 qua
323 1437 500 1498 academiae
522 1457 629 1495 recens
645 1435 784 1494 conditae
800 1435 994 1512 privilegium
1011 1436 1198 1514 pontificiam
1216 1441 1382 1497 conciliare

238 1549 351 1612 tentat,
381 1558 521 1616 magnam
549 1536 713 1618 Scythicae
733 1538 833 1613 gentis
861 1536 1013 1596 feritatem
1037 1537 1194 1614 queritur,
1216 1548 1254 1597 et
1278 1542 1333 1598 vix
1358 1543 1380 1598 ia

238 1643 416 1720 regionibus
438 1641 548 1700 vicinis
563 1639 685 1698 civilem
706 1636 831 1696 vivendi
852 1639 999 1696 rationem
1020 1635 1142 1714 legibus
1163 1647 1196 1697 et
1216 1639 1382 1720 disciplina

239 1745 426 1824 imperioque
448 1741 575 1800 retineri
596 1759 703 1818 posse,
725 1759 841 1798 summa
861 1737 953 1797 laude
976 1738 1099 1815 dignum
1114 1738 1282 1816 iudicans,
1308 1748 1379 1824 quis-

238 1846 307 1925 quis
335 1844 477 1904 excolore
499 1843 555 1901 hos
580 1841 709 1925 populos
732 1839 822 1900 etad
845 1840 906 1899 Dei
930 1840 1114 1917 agnitionem
1137 1849 1168 1899 et
1190 1844 1323 1904 virtutis
1345 1848 1381 1903 in-

238 1948 396 2006 tellectum
423 1943 616 2004 mediocriter
644 1941 805 2000 traducere
828 1951 969 2001 conetur:
1000 1940 1108 2020 quibus
1131 1943 1161 2000 in
1184 1947 1284 2004 terris
1308 1948 1380 2026 quod

237 2068 319 2107 nunc
344 2055 425 2106 artes
448 2055 479 2104 ct
504 2044 662 2103 doctrinae
685 2044 806 2116 florent,
834 2043 916 2123 quod
934 2045 1016 2102 viros
1036 2043 1115 2101 omni
1138 2063 1261 2121 genere
1288 2049 1380 2106 erruli-

237 2150 329 2209 tionis
357 2155 564 2227 praestantes,
586 2155 708 2224 poetas,
731 2145 945 2224 philosopher,
966 2145 1150 2204 litteratores
1170 2167 1313 2208 summos
1336 2171 1378 2226 ge-

236 2257 382 2324 nuerunt,
411 2248 540 2308 Alberto
561 2247 669 2306 saltem
694 2246 798 2326 aliqua
822 2265 861 2304 ex
883 2254 970 2325 parte
993 2244 1130 2304 debetur.
1174 2247 1206 2304 Is
1232 2250 1378 2310 ferociam

236 2353 395 2432 pristinam
419 2350 530 2410 sensim
553 2349 686 2429 expulit,
709 2347 878 2424 robiginem
900 2347 1060 2407 barbariae
1086 2347 1234 2424 affricuit,
1263 2362 1375 2412 mentes

237 2453 394 2512 doctrinae
412 2451 541 2532 purioris
559 2449 723 2509 luminibus
741 2449 919 2509 illustravit:
940 2448 1021 2530 quod
1043 2469 1101 2527 quo
1123 2449 1301 2512 difficiliori
1318 2475 1376 2533 per·

237 2556 312 2614 fecit
340 2564 492 2633 tempore,
525 2573 561 2612 eo
587 2554 684 2630 magis
710 2552 875 2631 populares
907 2551 1068 2610 demeritus
1104 2561 1159 2610 cst.
1204 2555 1326 2636 Neque
1353 2555 1376 2613 id

236 2655 432 2716 omittendum
462 2653 555 2729 duco,
580 2654 661 2733 quod
684 2657 714 2713 in
737 2674 774 2712 ca
796 2654 982 2730 potissimum
1004 2653 1094 2728 urbe,
1117 2673 1208 2732 quam
1229 2657 1305 2734 ipse
1333 2659 1373 2716 ha·

235 2758 361 2831 bitaret,
388 2755 573 2813 domicilium
593 2755 700 2812 artium
725 2775 791 2813 esse
815 2754 924 2830 voluit,
947 2763 980 2815 nt
1001 2757 1032 2813 in
1054 2775 1106 2814 ore
1129 2757 1298 2837 oculisque
1322 2762 1374 2819 suis

235 2859 380 2916 docentes
401 2855 616 2934 discentcsque
638 2864 847 2930 versarentur,
870 2865 900 2914 ot
921 2857 1042 2915 illorum
1064 2858 1131 2936 ipse
1153 2857 1325 2938 disciplina
1350 2871 1371 2918 et

234 2957 441 3017 familiaritate
473 2965 624 3017 uteretur:
657 2977 717 3035 qno
753 2956 876 3036 quidem
911 2957 1043 3016 studium
1075 2978 1159 3016 suum
1192 2961 1371 3037 planissime

232 3059 414 3118 testificatus
444 3067 499 3118 est.
543 3060 611 3118 Nae
635 3059 681 3118 illi
701 3060 856 3139 principes
879 3060 996 3118 litteras
1020 3059 1120 3118 colere
1141 3060 1225 3119 haud
1251 3085 1368 3144 magno·

231 3181 306 3240 pere
327 3159 484 3235 videntur,
512 3162 564 3240 qui
586 3181 638 3219 eas
663 3182 681 3218 a
703 3169 869 3238 conspectu
891 3181 944 3219 sno
965 3181 1054 3241 quam
1076 3161 1258 3239 longissime
1280 3188 1368 3226 remo·

232 3273 279 3322 tas
305 3281 374 3322 esse
394 3263 446 3321 vel
476 3263 602 3341 cupiunt
628 3262 678 3320 vel
702 3261 894 3341 cupientibus
917 3283 1019 3321 aurem
1042 3263 1204 3340 praebent,
1232 3270 1321 3346 quod
1344 3270 1366 3325 in

231 3364 351 3444 oppidis
372 3363 499 3423 modicis
519 3373 549 3421 et
565 3362 705 3422 doctores
728 3371 759 3422 et
781 3363 924 3442 discipuli
943 3364 1128 3423 commodius
1144 3367 1272 3442 vivant,
1294 3368 1366 3450 quud

229 3468 344 3547 palatio
372 3487 409 3526 ac
435 3464 501 3527 sedi
531 3465 719 3544 principatus
741 3463 867 3524 libertas
894 3466 997 3523 nescio
1019 3486 1058 3524 an
1076 3468 1201 3526 lieentia
1224 3470 1365 3531 iuvenilis

228 3590 289 3628 non
318 3572 494 3642 conveniat,
523 3566 604 3647 quod
632 3568 781 3645 corrumpi
810 3566 941 3626 moribus
975 3568 1118 3646 improbis
1152 3569 1364 3632 adolescentes

227 3673 359 3749 possint:
384 3691 463 3751 quae
482 3671 614 3728 rationes
633 3671 690 3727 etsi
711 3669 870 3748 speciosae
890 3677 974 3743 sunt,
998 3677 1099 3729 tamen
1119 3680 1224 3729 nostra
1243 3676 1360 3732 univer-

227 3773 301 3831 sitas
325 3773 473 3831 litteraria
495 3770 593 3843 (locet,
613 3772 793 3850 quantulum
816 3772 853 3828 iis
876 3770 1067 3830 tribuendum
1089 3773 1136 3830 sit.
1170 3773 1250 3832 Nam
1274 3778 1360 3834 vitain

227 3872 433 3931 academicam
456 3872 626 3946 emendari,
654 3873 808 3931 licentiam
829 3873 938 3946 minui,
965 3872 1137 3934 libertatem
1160 3894 1231 3932 vcro
1257 3879 1357 3936 iustam

227 3974 395 4032 confirmari
422 3972 566 4031 vidimus:
603 3981 706 4030 cetera
735 3975 924 4034 incommoda
946 3975 1088 4034 remediis
1111 3975 1312 4053 prudentibus
1333 3985 1357 4032 rt

225 4075 385 4134 benevolis
414 4074 514 4131 sanari
535 4082 669 4151 pessunt.
713 4075 822 4154 ltaque
845 4079 956 4155 optime
980 4078 1107 4152 sactum,
1130 4077 1211 4157 qnod
1234 4076 1354 4154 Georgii

224 4175 395 4248 Fridcriei,
417 4175 601 4233 Marchionis
622 4173 876 4251 Onolsbacensis‚
893 4199 947 4257 pro
965 4178 1085 4237 Alberti
1108 4179 1169 4237 filio
1185 4180 1352 4239 Berussiara

224 4276 461 4335 administrantis
485 4277 657 4350 consilium⁷
685 4277 723 4336 ob
745 4279 912 4338 discordias
935 4281 1013 4337 inter
1034 4282 1223 4340 iuventutem
1246 4281 1350 4340 studio-

224 4397 287 4436 sam
313 4386 559 4457 mercatoresque
588 4387 682 4452 ortas,
714 4401 835 4440 causam
865 4403 939 4440 sane
968 4403 1057 4461 quam
1079 4383 1193 4458 levem,
1224 4383 1347 4442 scholam
