2800 4976
598 249 637 309 23

509 337 716 345 ——-—

15 441 109 522 quod
139 440 227 520 apud
249 439 320 500 illos
338 438 415 513 dico,
437 438 489 519 qui
511 457 612 496 rerum
632 458 693 496 non
708 436 796 497 modo
818 446 913 498 testes
936 457 972 496 ac
994 448 1184 520 spectatores

15 547 173 616 fuerunt,
197 542 251 602 sed
271 540 478 600 moderatores
496 548 528 599 et
547 550 678 599 actores:
702 549 736 598 ut
755 539 889 600 sufficiat
905 541 1041 618 attigisse
1063 544 1184 622 singula

17 656 51 706 ct
83 648 123 706 in
159 645 334 704 memoriam
363 662 538 703 revocasse.
581 642 661 700 Nam
691 662 729 701 ex
752 641 807 700 illa
829 643 934 724 populi
957 653 988 704 et
1009 647 1091 724 regis
1113 667 1182 708 con·

17 747 138 808 cordia
173 745 418 825 praeclarissima
445 752 532 804 tanta
565 745 675 802 civium
708 745 811 804 extitit
839 748 1008 822 contentio,
1039 757 1182 828 quantam

16 851 136 910 nescio
171 869 211 908 an
233 847 318 906 nulla
340 845 453 907 viderit
478 854 578 934 aetas:
609 847 653 904 ita
683 846 948 908 omnes‘omnium
969 849 1108 910 ordinum
1128 851 1182 910 ho-

17 955 129 1012 mines
161 949 387 1029 conspirabant,
403 957 437 1007 ut
458 948 608 1028 quidquid
628 948 687 1008 sibi
710 950 898 1010 carissimum
916 959 1010 1024 esset,
1031 953 1112 1030 Regi
1128 974 1181 1033 pa·

16 1057 178 1134 triaeque
210 1053 339 1133 quisque
368 1051 526 1126 offerrent,
560 1049 613 1108 alii
640 1045 819 1128 pecuniam,
854 1072 975 1126 aurum,
1013 1063 1181 1132 argentum,

20 1157 112 1237 quod
140 1156 183 1216 dc
209 1154 302 1213 multo
330 1159 490 1233 supererat
513 1153 667 1231 exiguum,
689 1153 744 1212 alii
766 1173 822 1213 sua
844 1161 876 1213 et·
892 1154 1055 1214 liberorum
1077 1177 1181 1235 corpo·

18 1281 71 1332 ra,
98 1259 163 1318 alii
184 1265 345 1336 utrumque
367 1255 515 1314 communi
531 1256 657 1315 utilitati
681 1264 910 1316 consecrantes:
932 1266 975 1316 et
997 1277 1089 1338 quum
1114 1259 1182 1320 aliis

21 1361 107 1420 locis
131 1359 260 1439 alioque
285 1365 421 1436 tempore
442 1357 557 1416 tributa
580 1355 787 1438 penderentur
809 1378 920 1437 aegre,
946 1359 1067 1437 aegrius
1090 1361 1182 1420 etiam

24 1461 195 1540 stipendia
220 1460 342 1532 fierent,
370 1461 499 1538 primunr
529 1459 612 1539 apud
633 1480 688 1520 nes
716 1460 821 1520 ordine
844 1481 944 1521 rerum
967 1463 1089 1522 inverso
1111 1462 1181 1540 plus

24 1565 129 1624 multo
158 1563 303 1623 collatum
329 1571 374 1622 est
397 1582 485 1642 quam
507 1563 706 1640 poscebatur3
736 1561 957 1622 adolescentuli
975 1563 1103 1636 scholis,
1125 1565 1182 1624 filii

29 1666 240 1747 parentibus,
264 1666 392 1723 iuvenes
412 1665 545 1741 sponsis,
564 1665 665 1723 mariti
686 1664 832 1723 uxoribus
854 1663 969 1724 relictis
987 1665 1182 1744 postulabant
1218 1701 1221 1707 ·

28 1769 193 1828 militiam:
231 1767 311 1847 siqui
333 1757 390 1824 aut·
406 1765 586 1826 valetudine
619 1775 672 1825 aut
698 1765 872 1826 muneribus
894 1766 1025 1844 publicis
1048 1776 1101 1827 aut
1120 1769 1181 1848 pri·

29 1873 113 1932 vatis
136 1868 337 1930 incommodis
352 1867 612 1946 impediebantur,
632 1889 691 1948 quo
710 1869 808 1927 minus
824 1869 946 1927 nomina
967 1869 1083 1946 darent,
1098 1871 1181 1930 haud

31 1993 138 2053 aequo
156 1971 299 2031 ferebant
316 1971 432 2046 animo,
453 1970 535 2050 quod
555 1991 623 2030 sese
642 1992 755 2030 summo
773 1971 898 2045 honore,
921 1992 1010 2050 quem
1029 1974 1060 2032 iu
1082 1973 1181 2052 patria

31 2073 237 2134 defendenda
263 2071 431 2132 censebant
457 2073 601 2150 positum,
638 2073 772 2150 privatos
798 2073 954 2133 videbant.
998 2075 1109 2156 Neque
1136 2083 1181 2135 ta·

30 2197 105 2236 men
131 2175 188 2256 qui
214 2193 406 2250 remansere,
438 2194 548 2252 segnes
572 2176 704 2234 suerunt.
748 2174 843 2234 Arma
865 2184 990 2254 ceperat
1012 2177 1103 2236 etiam
1127 2177 1180 2238 do·

32 2281 166 2338 mastica
194 2275 370 2349 multitudo,
401 2276 486 2335 nullo
512 2276 685 2337 discrimine
712 2297 813 2357 neque
843 2285 975 2337 aetatum
1002 2298 1104 2358 neque
1133 2299 1180 2339 or-

34 2380 162 2438 dinum:
198 2379 288 2438 iidem
319 2380 498 2437 commeatui
528 2377 719 2459 praebendo,
747 2380 859 2440 sauciis
888 2379 1029 2440 fovendis
1057 2402 1179 2461 operam

36 2483 198 2541 navabant
218 2479 340 2540 sedulo:
363 2481 496 2541 feminae
517 2480 636 2540 nobiles
659 2480 729 2540 dum
755 2491 895 2560 aegrotos
919 2491 1035 2556 curant,
1054 2484 1179 2544 iuvene-

35 2594 109 2643 runt
131 2591 277 2657 mortem,
301 2603 391 2664 quam
408 2602 508 2642 coram
529 2585 616 2643 hoste
640 2591 784 2662 oppetere
806 2603 862 2662 per·
877 2604 969 2644 sexus
992 2584 1181 2646 debilitatem

36 2707 98 2744 non
121 2686 183 2744 nisi
206 2685 332 2762 singulis
350 2684 480 2744 licebat:
512 2706 601 2745 nemo
622 2705 730 2764 pacem
753 2685 934 2766 exoptabat,
957 2696 991 2746 ut
1011 2695 1054 2746 tot
1075 2689 1181 2748 tantis·

39 2809 98 2866 que
121 2789 306 2847 liberaretur
326 2787 482 2861 oneribus,
505 2788 565 2846 nisi
586 2809 663 2866 paee
684 2787 864 2848 redderetur
885 2787 1026 2864 libertas,
1047 2790 1180 2867 imperii·

38 2910 97 2968 que
118 2890 267 2967 dignitas,
288 2889 453 2964 firmitudo,
472 2892 632 2950 securitas.
676 2892 718 2949 Et
738 2889 811 2970 quid
832 2889 871 2949 dc
888 2891 1074 2951 exercitibus
1096 2892 1180 2952 duci·

38 2991 158 3071 busque
182 2991 304 3062 dicam?
340 3013 467 3072 quorum
488 2992 596 3050 merita
618 2992 726 3052 laudes
748 2991 853 3052 nullae
878 3012 1068 3073 exaequare,
1095 2995 1182 3054 nulla

40 3095 177 3172 praemia
202 3094 274 3154 satis
300 3095 486 3153 remunerari
510 3103 634 3174 queunt.
658 3092 780 3170 'Quam
803 3095 928 3167 eximia,
955 3116 1045 3176 quam
1070 3117 1181 3174 magua

42 3205 127 3255 erant
149 3195 259 3254 ducum
279 3196 422 3255 consilia:
447 3217 526 3277 quae
542 3196 670 3254 militum
689 3197 859 3255 constantia
881 3197 913 3254 in
934 3197 1091 3257 laboribus
1111 3218 1181 3276 par-

43 3296 192 3357 ferendis:
216 3317 294 3378 quae
316 3296 459 3356 fortitudo
477 3297 697 3358 dimicantium:
722 3318 801 3377 quae
818 3297 931 3357 fiducia
948 3307 1019 3358 ante
1036 3320 1179 3377 pugnam,

43 3419 119 3476 quae
151 3398 301 3459 modestia
329 3399 514 3458 victoribus:
554 3421 633 3480 quae
661 3421 740 3460 mors
771 3420 826 3478 per
854 3400 994 3480 proelia?
1038 3399 1179 3460 Animam

45 3500 231 3560 exhalabant
252 3502 342 3578 laeti,
367 3523 433 3560 cum
448 3504 579 3562 numinis
599 3502 695 3561 divini
716 3501 945 3585 praedicatione
964 3502 1083 3579 Regem
1103 3505 1179 3580 opti-

44 3623 119 3662 mum
144 3613 337 3666 venerantes.
381 3606 490 3668 Tantis
514 3624 587 3664 vero
615 3602 861 3664 contentionibus
889 3612 920 3662 et
944 3607 1057 3664 nostris
1081 3614 1110 3662 et
1133 3626 1179 3663 so·

46 3705 154 3765 ciorum
177 3706 334 3784 respondit
363 3726 531 3766 successus.
577 3705 659 3784 Quot
686 3715 881 3786 quantaeque
901 3706 1057 3764 hostilium
1078 3708 1179 3786 copia·

46 3825 105 3866 rum
130 3807 250 3881 clades,
272 3817 346 3888 quot
369 3808 454 3866 milia
476 3810 680 3888 captivorum,
705 3816 779 3888 quot
799 3809 877 3867 inter
897 3808 952 3866 hos
976 3805 1083 3881 duces,
1108 3817 1180 3887 quot

47 3919 132 3986 capta
157 3918 321 3986 tormenta,
351 3919 424 3992 quot
451 3931 553 3970 arces:
583 3911 634 3990 qui
656 3911 732 3971 socii
759 3909 901 3984 alienati,
925 3918 1057 3989 quantae
1078 3919 1180 3970 terrac

48 4009 74 4067 in
96 4019 278 4090 potestatem
297 4010 457 4070 redactae:
488 4022 665 4091 expugnata
686 4013 872 4071 Parisiorum
892 4011 980 4085 urbs,
1005 4033 1084 4092 quae
1112 4032 1180 4072 sese

47 4108 184 4191 Europae
207 4123 239 4172 et
260 4113 340 4172 orbis
367 4095 501 4174 universi
523 4115 691 4194 principem
714 4113 927 4193 dominamque
949 4123 1064 4172 temere
1086 4113 1180 4172 iacta·
1215 4187 1217 4192 ,

48 4210 95 4272 bat
116 4214 262 4294 superba,
285 4215 427 4295 posthac,
452 4215 552 4297 siquid
575 4215 680 4290 viden,
701 4237 762 4275 non
792 4215 851 4272 iam
874 4215 1013 4274 iactabit:
1043 4212 1180 4274 deiectus

49 4312 184 4395 Europae
201 4325 350 4396 tyrannus
367 4325 397 4376 et
413 4319 444 4376 in
460 4318 601 4376 exsilium
621 4319 740 4378 missus.
770 4315 940 4376 Subsecuta
959 4336 1022 4397 pax
1038 4316 1180 4374 salutaris

52 4413 165 4478 Galliae
193 4437 299 4496 regem
330 4417 431 4496 dedit3
467 4417 652 4488 Germaniae
686 4417 835 4499 quidquid
871 4419 959 4477 annis
987 4418 1037 4476 his
1070 4417 1181 4494 viginti
