2800 4976
586 257 622 323 51

503 351 705 360 -----——-

8 459 184 528 rotuerat,
207 451 366 530 cupiditati
382 452 540 530 impotenti
556 471 652 531 nsque
669 451 799 525 obstitit,
821 449 876 512 sed
899 451 990 512 etiam
1004 451 1171 528 Pontificis,

8 553 64 631 pri
93 551 165 610 sibi
183 554 245 612 Dei
271 554 367 632 ipsius
395 551 556 612 videbatur
577 554 724 626 vicarius,
748 552 840 630 fregit
861 555 1033 634 imperinm,
1053 564 1084 614 et
1109 575 1171 614 ma·

8 673 103 730 gnae
131 655 212 732 parti
227 656 354 733 primum
370 655 573 730 Germaniae,
592 675 662 714 mox
679 655 823 733 Europae
838 675 923 714 suam
938 658 1025 736 quasi
1043 659 1170 737 inspira·

8 757 55 813 rit
86 756 247 830 animam,
273 777 434 836 rerumque
457 757 588 816 omniurn
610 756 721 816 faciem
742 757 921 816 immutavit.
965 757 1023 818 Ille
1045 761 1170 832 cunetis,

8 857 66 936 qui
85 859 211 916 mentis
232 860 348 918 viribus
370 879 446 938 opus
465 858 592 918 arduum
614 857 785 934 moliantur,
803 857 976 936 exemplum
991 857 1170 918 admirabile

8 960 155 1017 rirtutis
181 961 352 1037 pervicacis
379 961 550 1040 proposuit;
582 959 663 1040 quod
696 961 722 1018 si
752 961 955 1040 spectaverit,
990 961 1057 1040 quis
1087 969 1172 1020 tanta

8 1059 244 1137 magnitudine
274 1082 335 1120 non
364 1071 602 1137 commoveatur,
630 1061 808 1142 nullamque
836 1063 864 1121 ei
887 1070 1033 1133 statuam,
1056 1063 1171 1122 nullam

8 1163 205 1221 :olumnam
221 1164 312 1223 statui
331 1183 422 1242 posse
441 1164 618 1235 arbitretur,
636 1179 716 1242 quae
731 1183 831 1223 rerum
853 1163 892 1222 ab
911 1164 975 1242 ipso
996 1163 1171 1224 effectarum

8 1263 227 1342 amplitudini
250 1273 282 1324 et
302 1265 451 1326 fructibus
466 1265 677 1346 respondeat?
701 1265 768 1344 quis
784 1275 848 1340 est,
870 1263 1008 1338 obsecro,
1031 1267 1104 1346 quin
1126 1267 1169 1324 in·

8 1367 167 1443 adligat,
188 1367 287 1425 animo
307 1365 377 1424 forti
390 1367 467 1426 nihil
487 1387 548 1426 non
567 1387 634 1427 esse
655 1368 808 1445 pervium,
823 1386 924 1446 neque
945 1367 1008 1425 eius
1027 1368 1171 1446 impetum

8 1468 199 1528 terroribus
229 1468 371 1527 obsoletis
403 1469 527 1548 reprimi
550 1477 603 1527 aut
624 1469 742 1546 frangi,
774 1467 829 1527 scd
850 1467 1075 1548 impedimentis
1098 1469 1171 1548 ipsis

8 1571 128 1647 magis
148 1569 262 1628 firmari
285 1578 315 1628 et
336 1569 464 1647 augeri?
498 1571 578 1630 Nam
599 1589 637 1629 ex
662 1591 721 1650 quo
742 1569 895 1628 Lutlrerus
913 1571 1058 1647 periculis
1081 1571 1172 1630 obiici

8 1679 160 1750 coeptus
189 1679 220 1730 et
242 1670 402 1730 damnatus
431 1681 491 1746 est,
520 1673 631 1731 certius
659 1673 690 1731 in
713 1671 816 1730 amieis
842 1670 1028 1750 praesidium
1054 1671 1169 1744 habuit,

8 1794 123 1852 quum
144 1773 299 1852 principes
320 1773 452 1854 aliquot,
472 1773 575 1853 plures
597 1774 771 1852 optimates,
789 1772 919 1851 populus
934 1791 1029 1852 prope
1047 1773 1170 1831 univer·

8 1895 71 1934 sus
99 1874 324 1952 intelligerent,
346 1897 408 1935 non
428 1877 517 1935 unius
532 1857 605 1950 viri,
626 1874 681 1934 sed
697 1873 916 1934 Germanorum
931 1894 994 1933 rem
1015 1875 1076 1952 agi,
1096 1895 1169 1955 quo·

8 1998 92 2035 rum
119 1976 177 2034 ille
197 1997 229 2036 se
253 1975 408 2038 commodo
431 1986 535 2036 natum
557 1977 724 2037 rectissime
740 1974 956 2055 praedicabat;
980 1975 1168 2057 quandoqui-

11 2077 98 2136 dem
124 2075 274 2138 adversus
300 2080 486 2158 pontificiam
515 2077 751 2138 dominationem
778 2087 931 2138 certarnen
953 2098 1006 2158 pro
1027 2077 1170 2138 libertate

9 2181 208 2239 instituerat
235 2183 342 2240 sinon
366 2183 478 2257 maius,
509 2189 591 2239 certe
619 2180 818 2254 fructuosius,
847 2199 935 2259 quam
962 2180 1044 2258 quod
1069 2189 1170 2239 nostro

12 2281 158 2341 saeculo
178 2279 370 2342 Germaniam
388 2281 425 2341 ab
448 2282 575 2363 imperio
590 2279 748 2340 Gallorum
762 2280 947 2340 vindicavit:
969 2299 1027 2340 neo
1046 2279 1169 2340 dubium

15 2393 71 2443 est
99 2379 178 2462 quin
198 2405 279 2443 nova
301 2383 438 2443 doctrina
459 2385 588 2463 patriam
600 2385 776 2443 universam
792 2383 884 2442 fuerit
902 2390 1096 2460 occupatura,
1111 2383 1170 2442 nisi

15 2486 135 2545 multis
163 2485 194 2544 in
215 2486 290 2546 loeis
313 2486 392 2545 ferro
415 2507 451 2545 ac
473 2485 600 2544 flammis
623 2495 704 2546 esset
732 2486 764 2544 in
787 2485 923 2544 homines
945 2484 1012 2562 pios
1035 2483 1169 2541 animad-

18 2608 165 2648 versum.
193 2587 339 2646 Attamen
357 2588 389 2646 in
406 2587 464 2647 hoe
480 2597 564 2647 aetas
587 2587 641 2646 illa
664 2586 820 2659 excelluit,
841 2585 923 2666 quod
943 2585 1038 2664 siquis
1058 2585 1089 2643 in
1107 2585 1170 2645 alia

19 2691 160 2749 civitate
190 2689 320 2748 afflictus
351 2698 447 2765 esset,
481 2690 623 2768 effugium
651 2689 683 2747 in
711 2688 774 2748 alia
793 2686 933 2766 patebat:
963 2706 1022 2766 quo
1044 2685 1169 2745 libertas

20 2794 114 2850 iusta
133 2791 308 2850 confirmata
331 2799 377 2850 est
394 2801 485 2872 atque
506 2790 538 2850 id
561 2773 718 2866 effectum,
739 2799 771 2848 ut
793 2789 947 2868 principes
963 2789 1061 2848 minus
1077 2787 1168 2848 aude·

19 2901 113 2967 rent,
145 2912 235 2972 quam
256 2913 344 2970 reges
365 2893 461 2953 Asiae
485 2913 586 2953 socors
609 2893 688 2951 inter
715 2911 820 2950 servos
841 2891 999 2969 imperium
1022 2909 1168 2950 exercen-

20 3005 87 3055 tes.
136 2993 225 3072 Quae
255 3015 304 3054 res
336 3002 482 3075 quantum
511 2994 645 3053 Luthero
673 2992 839 3071 profuerit,
868 3011 957 3052 nemo
984 3014 1045 3052 non
1074 2992 1168 3053 videt.

21 3097 157 3156 Etenim
178 3097 220 3169 si,
238 3105 272 3155 ut
290 3115 358 3156 mea
380 3097 481 3175 opinio
502 3098 577 3170 fert,
601 3103 686 3155 tanta
702 3115 802 3154 rerum
824 3095 983 3154 conversio
1004 3096 1111 3174 perfici
1131 3095 1168 3154 ab

22 3199 154 3257 homine
171 3199 328 3258 summisso
351 3208 381 3258 et
395 3199 501 3257 humili
520 3205 573 3256 aut
591 3205 681 3256 nutus
698 3204 855 3277 potentum
870 3196 976 3255 timide
991 3205 1169 3276 aspectante

24 3321 92 3359 non
114 3301 229 3379 potuit,
253 3301 279 3360 si
300 3301 417 3360 ferocia
439 3298 570 3380 quadam
591 3319 665 3379 opus
688 3299 760 3373 fuit,
783 3319 872 3378 quam
895 3299 927 3356 in
941 3299 1076 3358 Luthero
1099 3318 1168 3357 eon-

27 3411 93 3461 stat
113 3410 229 3460 tantam
248 3402 358 3477 fuisse,
377 3403 497 3461 utDeo
519 3421 552 3461 se
573 3401 642 3479 plns
661 3419 789 3460 censens
808 3419 898 3481 quam
917 3400 1094 3459 mortalibus
1117 3400 1169 3458 vel
1198 3427 1201 3442 ι
1278 3405 1282 3414 ’

28 3502 216 3562 diadematis
246 3502 320 3563 dare
348 3503 476 3576 debere,
507 3523 547 3562 ne
575 3502 698 3580 regibus
727 3501 849 3583 quidem
877 3509 1032 3579 parceret,
1059 3501 1168 3581 stipsi

27 3603 191 3664 Friderico
219 3604 371 3683 Sapienti,
401 3604 532 3684 principi
558 3604 591 3662 in
618 3603 709 3662 rebus
736 3603 829 3662 sacris
857 3603 1012 3664 minimum
1043 3602 1100 3662 sibi
1122 3623 1167 3660 ar-

29 3707 168 3784 roganti,
201 3705 257 3766 scd
293 3715 402 3765 cuncta
434 3707 499 3766 fere
530 3704 570 3764 ad
599 3704 702 3764 doctos
728 3705 902 3782 theologos,
928 3724 1020 3785 quum
1051 3713 1168 3764 ceteros

30 3818 96 3866 tum
116 3807 292 3866 academiae
308 3807 538 3886 Vitebergensis
559 3807 740 3881 remittenti,
759 3826 820 3864 non
842 3806 874 3864 in
893 3806 1030 3865 omnibus
1052 3805 1166 3866 obtem-

31 3919 170 3988 peraret:
201 3910 338 3988 profecto
360 3911 414 3970 ille
440 3910 524 3988 prius
546 3928 707 3988 oppressus
731 3916 826 3984 esset,
855 3928 945 3988 quam
966 3927 1076 3986 operae
1098 3929 1166 3986 pre-

32 4013 108 4070 tium
127 4011 268 4086 fecisset,
288 4013 314 4070 si
334 4013 457 4089 gravius
475 4009 641 4070 liberiusve
662 4009 775 4070 dictum
795 4010 924 4090 quodvis
947 4010 1098 4069 malitiose
1119 4030 1165 4069 es·

33 4123 80 4175 set
106 4114 138 4172 in
165 4113 354 4172 maiestatem
377 4133 507 4173 versum.
552 4112 594 4171 Et
613 4112 736 4171 fuerunt
759 4133 832 4172 sane
854 4132 891 4170 ac
913 4120 981 4170 sunt
1003 4110 1166 4190 hodieque,

34 4217 85 4295 qui
106 4214 241 4272 Luthem
261 4217 388 4294 eiusque
412 4213 593 4294 disciplinae
616 4213 793 4272 seditiosum
815 4213 959 4293 quiddam
980 4213 1165 4271 effinxerint.

34 4315 152 4394 Quibus
181 4316 256 4395 quid
283 4315 459 4394 displiceat,
488 4316 652 4394 perspicio.
697 4315 816 4394 Nempe
842 4316 916 4375 istos
942 4316 1064 4394 pungit,
1086 4313 1166 4394 quod

36 4417 169 4476 dominos
192 4417 254 4492 ille,
277 4437 317 4477 ne
339 4416 492 4476 subiectos
515 4417 707 4491 divexarent,
729 4418 799 4476 stilo
818 4418 923 4495 paullo
945 4416 1089 4492 rigidiora
1113 4413 1165 4472 ad·

922 4518 966 4578 4*
