2800 4976
786 245 903 339 36.-α

702 333 756 340 ...μ
776 335 834 340 ...-

238 536 323 612 ganti
352 535 487 606 levitati,
522 531 597 592 fides
626 536 744 594 astutiis
779 543 809 592 et
836 533 1004 593 adulationi
1034 535 1215 614 artibusque
1252 537 1386 594 frivolis!

237 644 414 695 manserunt
435 643 537 693 tamen
559 634 660 694 studia
682 635 848 695 litterarum
864 644 895 694 et
910 644 1000 695 aucta
1020 644 1106 716 sunt3
1130 649 1320 695 manserunt
1336 639 1386 694 viril

238 736 325 810 boni,
348 737 520 814 sapientes,
542 738 689 817 prompti,
712 737 751 795 ad
772 737 1008 816 pulcherrimum
1024 736 1167 816 quodque
1184 737 1316 798 facinus
1338 760 1386 798 atr-r

238 837 347 912 daces,
365 839 417 918 qui
432 837 580 898 reducere
603 847 714 897 statum
736 839 892 898 meliorem
914 839 1045 918 possiut3
1068 849 1254 897 manserunt
1278 842 1386 918 princi,

237 959 293 1019 pes
315 941 411 1000 nostri
433 939 548 998 artibus
568 939 705 999 honestis
729 941 840 1000 eximie
861 940 1018 1000 faventes:
1049 949 1078 998 ot
1101 941 1183 998 inter
1211 949 1265 1000 tot
1289 943 1378 1000 ruinas

239 1051 270 1100 et
289 1042 477 1100 calamitates
496 1049 598 1100 tamen
614 1042 728 1100 semina
748 1043 829 1101 iacta
850 1049 921 1100 suot
940 1042 1056 1100 fructus
1076 1041 1224 1099 laetiores
1247 1043 1386 1123 aliquan-l

238 1143 277 1202 do
297 1143 414 1202 datura.
442 1143 585 1202 Profecto
604 1164 654 1202 res
673 1143 821 1202 humanas
843 1163 954 1203 numen
969 1141 1133 1220 providens
1155 1162 1195 1200 ac
1217 1143 1377 1222 benignum

238 1253 323 1304 curat
344 1253 375 1304 ct
394 1243 557 1322 gubernet,
577 1244 659 1324 quod
674 1245 756 1304 bona
772 1265 788 1304 e
806 1245 910 1318 malis,
933 1265 972 1303 cx
990 1245 1128 1323 pernicie
1145 1242 1376 1313 beatitudinem,

237 1365 276 1404 ex
307 1347 454 1405 servitute
483 1345 657 1405 libertatem
684 1347 807 1406 afferat:
839 1355 873 1406 ut
904 1366 1031 1423 regnum
1057 1345 1280 1421 Borussicum,
1309 1345 1376 1426 quod

230 1445 392 1526 ,tyrannidi
421 1445 541 1504 alienae
566 1448 683 1506 servire
707 1456 844 1507 coactum
865 1455 944 1519 erat,
965 1444 1116 1506 Friderici
1136 1445 1295 1506 Guilelmi
1318 1469 1375 1505 con·

237 1549 314 1607 siliis
333 1546 592 1628 prorsusdivinis
612 1549 642 1606 in
662 1550 830 1626 potentiam
850 1549 1009 1626 pristinam
1030 1546 1209 1606 restitutum
1232 1549 1374 1607 videmus.

235 1648 322 1708 Idem
350 1669 424 1708 voro
448 1669 510 1707 non
539 1649 634 1708 solum
662 1650 742 1708 vires
769 1651 887 1728 imperii
916 1657 947 1707 et
968 1668 1118 1706 armorum
1141 1649 1279 1726 gloriam
1301 1672 1374 1709 recu·

234 1759 358 1830 paratas
385 1750 465 1822 vult,
493 1771 597 1810 verum
627 1751 733 1824 etiam,
762 1748 843 1830 quod
864 1749 958 1808 multo
984 1751 1079 1808 maius
1104 1759 1165 1823 est,
1198 1753 1374 1811 felicitatem

235 1853 346 1910 civium
376 1850 581 1910 fundamentis
608 1853 700 1910 firmis
728 1860 937 1930 superstruere
969 1859 1109 1926 conatur,
1138 1871 1235 1930 quum
1260 1855 1374 1933 populo,

236 1954 321 2012 cuius
345 1951 436 2012 fidem
467 1953 497 2010 in
523 1954 667 2032 periculis
694 1954 757 2013 suis
775 1952 857 2012 haud
878 1953 1024 2011 minorem
1047 1973 1138 2033 quam
1160 1953 1318 2014 Albertus
1340 1957 1373 2012 in·

233 2055 333 2129 venit,
355 2054 440 2113 cuius
463 2053 611 2113 utilitates
635 2075 653 2112 a
674 2056 736 2114 suis
764 2075 825 2113 non
848 2054 1002 2112 seiunctas
1023 2056 1186 2132 perspicit,
1212 2055 1286 2114 iura
1309 2058 1373 2134 legi·

233 2155 289 2230 bus
319 2155 530 2214 constituenda
568 2154 737 2214 concedere
768 2154 913 2230 intendit,
943 2173 1034 2232 quum
1068 2176 1167 2214 rerum
1204 2155 1373 2216 divinarum

234 2277 336 2316 curam
356 2257 498 2336 suscipit,
522 2278 614 2338 quum
629 2266 711 2316 artes
726 2265 756 2316 et
772 2255 923 2315 doctrinas
940 2255 1127 2315 liberalitate
1143 2277 1267 2317 summa
1288 2259 1372 2330 fovet,

233 2359 363 2417 maiores
387 2377 456 2416 suos
473 2358 656 2418 aemulando
678 2379 739 2417 non
762 2378 939 2436 exaequans
961 2357 1015 2417 sed
1038 2379 1197 2436 superans.
1244 2361 1331 2420 Nam
1349 2371 1372 2419 ut

232 2461 264 2518 in
284 2459 411 2518 Alberto
435 2459 499 2518 solo
522 2479 603 2518 nunc
623 2460 800 2534 consistam,
825 2459 910 2518 cuius
925 2459 1159 2534 humanitatem,
1182 2461 1371 2534 modestiam,

231 2561 391 2638 pietatem,
421 2559 643 2635 fortitudinem,
665 2562 793 2620 virtutes
818 2568 936 2620 ceteras
965 2581 1030 2620 cum
1055 2560 1203 2638 dignitate
1227 2572 1262 2621 et
1285 2567 1371 2624 maie·

231 2669 310 2720 state
331 2662 440 2734 refert,
463 2662 529 2740 quis
552 2683 614 2721 non
636 2663 797 2738 intelligit,
820 2669 966 2741 quantum
989 2663 1074 2721 illum
1093 2671 1161 2742 post
1184 2683 1217 2722 se
1239 2667 1370 2746 relique-

231 2763 285 2834 rit,
308 2781 399 2840 quum
422 2762 454 2819 in
467 2761 526 2820 hac
543 2762 618 2820 urbe
642 2771 673 2821 et
695 2764 726 2821 in
747 2761 794 2820 his
815 2761 942 2822 aedibus
965 2764 1100 2822 scholam
1121 2773 1260 2824 nostram
1281 2770 1370 2826 multo

230 2862 403 2922 institueret
424 2863 682 2941 magnificentius,
706 2872 799 2944 atque
824 2873 971 2944 apparatu
1001 2873 1031 2924 et
1052 2865 1248 2944 supellectile
1274 2872 1368 2948 copio-

230 2963 349 3021 sissima
377 2964 557 3040 instrueret,
584 2985 646 3024 non
667 2964 757 3024 rebus
779 2965 955 3025 florentibus
982 2974 1013 3024 et
1034 2967 1159 3046 imperio
1184 2969 1386 3042 confirmato,

230 3063 285 3122 sed
306 3063 446 3138 labante,
468 3067 581 3141 fracto,
604 3067 770 3125 imminuto.
816 3065 909 3125 Cuius
934 3067 1076 3127 beneficii
1096 3068 1176 3145 Regi
1196 3069 1366 3131 clementis·
1385 3115 1386 3164 ἦ

229 3165 304 3224 simo
323 3167 437 3242 gratias
460 3186 600 3243 agamus,
624 3167 859 3241 commilitones,
881 3189 940 3226 non
960 3167 1062 3227 verbis
1085 3169 1251 3229 artificiose
1272 3165 1386 3242 facticl

229 3264 285 3324 sed
314 3267 488 3326 innocentia
518 3275 548 3326 et
577 3268 738 3326 sanctitate
760 3288 811 3342 ea,
838 3290 929 3349 quam
951 3270 983 3327 in
1005 3270 1071 3348 ipso
1092 3289 1293 3346 veneramur,
1319 3247 1386 3336 sodl

228 3369 390 3428 concordia
413 3378 444 3428 et
462 3367 639 3428 obedientia
654 3369 773 3446 legibus
788 3369 973 3448 praestanda
990 3370 1214 3450 commodisque
1233 3375 1366 3450 publicis
1385 3369 1386 3398 ss

226 3467 333 3528 sedulo
362 3469 559 3529 adiuvandis:
589 3470 702 3548 gratias
725 3490 851 3549 agamus
872 3471 941 3530 Deo
965 3469 1086 3548 Optimo
1110 3473 1261 3548 Maximo,
1289 3477 1366 3556 quod

225 3568 296 3628 huic
322 3571 388 3648 regi
408 3571 544 3631 habenas
567 3572 686 3650 imperii
709 3572 905 3646 commiserit,
927 3573 979 3653 qui
1002 3581 1033 3631 et
1053 3574 1143 3632 armis
1166 3575 1246 3632 tueri
1270 3585 1304 3634 et
1326 3579 1364 3636 in·

224 3670 336 3728 stitutis
360 3671 543 3732 salutaribus
566 3681 737 3752 temperare
756 3694 820 3732 rem
842 3672 995 3750 publicam
1018 3674 1127 3751 possit,
1150 3675 1202 3754 qui
1221 3678 1362 3753 privatim

224 3768 342 3828 civibus
368 3772 406 3830 sit
429 3775 602 3852 exemplum
627 3774 802 3852 probitatis,
823 3774 946 3853 publice
972 3782 1062 3852 pater
1082 3777 1201 3853 patriae
1223 3780 1362 3856 optimus.
1385 3761 1386 3808 ἦ

222 3869 382 3929 Postremo
405 3881 477 3931 vota
496 3876 548 3952 pia
572 3873 611 3932 ad
633 3894 745 3932 numen
768 3895 914 3934 summum
933 3875 1104 3951 dirigimus,
1123 3885 1158 3934 ut
1171 3878 1360 3938 Fridericum

224 3967 410 4028 Guilelmurn
435 3994 502 4031 cum
527 3958 613 4031 domo
634 3973 774 4050 Augusta
795 3977 938 4036 universa
954 3984 1091 4054 praestet
1113 3977 1311 4054 incolumem,
1333 3991 1358 4038 et
1385 3991 1386 4082 p

222 4071 363 4148 quoniam
386 4072 452 4129 sine
476 4075 534 4152 ope
556 4073 661 4131 divina
682 4074 759 4133 nihil
780 4085 864 4135 recte
887 4079 953 4154 geri
976 4084 1091 4155 potest,
1112 4085 1147 4136 ut
1167 4098 1256 4139 curas
1278 4083 1357 4140 illius
1385 4103 1386 4164 p

222 4171 483 4250 cogitationesque
505 4193 607 4234 omnes
629 4173 817 4248 moderetur,
837 4175 968 4256 denique
989 4186 1022 4236 ut
1043 4198 1149 4255 pacem
1171 4179 1237 4237 orbi
1259 4181 1354 4239 reddi·
1385 4171 1386 4182 ¹

222 4278 282 4327 tam
300 4271 457 4331 confirmet
471 4282 562 4352 atque
572 4275 604 4332 in
620 4275 748 4335 salutern
760 4284 893 4335 nostram
906 4287 1066 4337 conservet
1078 4299 1169 4358 quarn
1181 4279 1354 4340 diutissime.

1385 227 1386 246 r

1385 285 1386 318 l

238 433 348 492 faciem
370 433 556 491 immutavit:
581 433 691 510 religio
716 434 808 492 cessit
829 435 994 505 avaritiae,
1018 433 1167 492 severitas
1192 436 1307 511 gravis
1331 436 1381 493 elc-

1385 557 1386 600 l

1385 603 1386 644 t

1385 801 1386 842 t

1385 845 1386 876 l
