2800 4976
656 198 675 256 5

75 383 247 442 nobilibus
266 383 365 444 lectus
382 384 544 462 sexaginta
564 386 718 444 minimum
740 405 836 447 anuos
851 389 933 448 natis
957 395 987 448 et
1009 389 1157 470 probitate
1174 393 1233 454 sin·

74 487 190 564 gulari
212 486 456 564 praestantibus3
478 506 537 545 nec
560 485 694 564 dignitas
717 488 970 566 exstinguebatur
990 491 1050 550 niri
1071 511 1137 551 cum
1159 495 1233 554 vita.

75 588 193 668 Atque
216 588 295 646 haec
317 588 464 652 bonorum
483 607 583 667 aequa
603 588 713 647 divisio
737 597 767 648 et
783 590 940 669 imperium
951 592 1129 680 optimorum
1144 614 1234 674 quam

76 691 150 748 vim
166 688 347 763 habuerint,
368 710 456 748 nemo
478 690 608 767 ignorat.
642 689 742 768 Quum
764 692 843 750 enim
868 700 987 752 constet
1006 694 1035 752 iu
1060 695 1233 758 civitatibus

75 799 229 850 veterum
250 791 396 868 plurimas
419 790 523 850 turbas
545 791 641 851 atrei
663 791 806 870 publicae
820 792 1048 854 vicissitudines
1061 803 1150 854 natas
1166 817 1233 858 esse

77 913 129 952 ex
144 887 247 952 vhirnia
269 913 358 971 opum
379 894 612 973 inaequalitate,
634 913 724 972 quam
744 892 878 953 Pholeos
905 893 1143 972 Chalcedonius,
1160 898 1233 958 Phi·

75 995 187 1054 Iolaus
212 994 394 1068 Thebanus,
423 1003 453 1053 et
474 994 562 1054 Plato
593 995 624 1054 iu
653 996 792 1074 proxima
819 995 950 1073 optimae
980 997 1117 1070 civitate,
1143 1019 1232 1080 quam

78 1117 182 1178 opere
212 1096 252 1155 de
278 1096 398 1173 legibus
424 1095 574 1171 condidit,
602 1096 710 1155 tollere
733 1094 841 1155 sedulo
862 1095 1056 1176 studuerunt3
1083 1119 1120 1158 ac
1142 1121 1232 1182 quum

79 1219 191 1278 aeque
229 1205 365 1271 constet,
393 1197 571 1277 popularem
602 1197 838 1257 dominationem
872 1197 1021 1275 gliscente
1051 1200 1232 1278 plebeculae

78 1301 219 1359 licentia
241 1299 335 1358 facile
364 1298 519 1358 declinare
546 1298 585 1357 ad
612 1298 855 1377 superbissimam
885 1307 937 1358 aut
963 1301 1048 1378 vulgi
1070 1311 1124 1362 aut
1142 1305 1231 1364 unius

79 1400 300 1483 tyrannidem:
323 1421 359 1464 eo
378 1401 541 1459 valuerunt
555 1402 670 1460 Dorica
685 1401 902 1480 Spartanorum
920 1402 1073 1476 instituta,
1095 1413 1129 1463 ut
1144 1407 1232 1466 novis

79 1505 181 1563 rebus
201 1503 364 1561 rarissimis
385 1502 633 1580 perturbatores
654 1501 795 1581 publica,
822 1522 923 1584 neque
951 1503 1044 1564 ullius
1072 1513 1143 1565 aute
1165 1508 1230 1567 Ma·

81 1604 253 1665 chanidam
273 1612 304 1662 et
326 1603 430 1662 Nabin
455 1605 578 1684 tyranni
602 1603 778 1662 violentiam
804 1612 931 1682 experta
953 1605 1002 1664 sit.
1047 1605 1138 1684 Quod
1158 1629 1232 1668 vero

83 1707 217 1766 senibus
240 1705 384 1783 Spartani
406 1705 569 1784 parebant,
592 1706 691 1785 iisque
705 1705 913 1782 magistratum
929 1716 1108 1786 perpetuum
1123 1729 1230 1786 geren-

82 1809 187 1882 tibus,
214 1807 391 1866 Aristotelis
421 1807 652 1886 reprehensioni
686 1827 790 1865 ansam
819 1805 960 1892 praebuit
990 1807 1148 1868 ferendum
1172 1811 1231 1871 hoc

84 1907 237 1981 dicentis,
261 1909 315 1967 ubi
338 1909 426 1986 probi
452 1909 512 1968 sint
537 1917 567 1967 et
593 1908 672 1967 hene
697 1907 841 1967 instituti:
872 1907 995 1968 eosdem
1016 1918 1118 1969 tamen
1139 1922 1233 1990 negat

82 2012 171 2070 tales
198 2011 236 2068 ab
261 2011 326 2089 ipso
352 2010 529 2088 legislatore
559 2009 693 2086 habitos3
724 2019 816 2089 atque
842 2021 875 2069 ut
898 2012 1049 2089 corporis,
1073 2011 1117 2070 ita
1138 2013 1231 2072 animi

83 2111 247 2192 quandam
268 2133 336 2171 esse
357 2119 545 2171 senectutem
568 2120 679 2172 monet.
713 2111 804 2190 Quod
827 2119 894 2170 utut
917 2121 977 2188 est,
1000 2121 1083 2172 certe
1106 2121 1230 2173 couten-

84 2214 190 2272 derim
211 2234 272 2272 non
293 2215 401 2273 melius
423 2213 557 2292 prospici
577 2214 622 2271 rei
642 2213 785 2291 publicae
807 2213 941 2272 firmitati
965 2214 1116 2294 potuisse,
1140 2235 1231 2295 quam

83 2317 148 2374 hoc
171 2323 316 2374 senectae
339 2314 443 2374 habito
464 2315 590 2374 honore.
635 2313 712 2392 Quis
736 2315 815 2374 enim
838 2316 982 2394 antiquae
1005 2336 1105 2375 rerum
1127 2316 1230 2376 condi·

86 2419 189 2476 cionis
211 2418 348 2476 tenacior
369 2437 458 2495 quam
479 2424 619 2475 senectus
642 2419 808 2496 composita
827 2425 857 2476 et
882 2415 1059 2476 moderata?
1088 2419 1156 2498 quis
1179 2439 1230 2478 no·
1279 2474 1283 2482 .

83 2540 199 2578 varum
223 2539 323 2577 rerum
345 2517 508 2577 studiosior
530 2538 621 2597 quam
649 2519 793 2578 iuvenum
820 2519 903 2578 acria
926 2518 1087 2599 calidaque
1107 2521 1233 2598 ingenia

85 2623 121 2680 in
143 2619 382 2700 rempublicam
404 2639 511 2679 recens
533 2619 760 2678 involantium?
793 2619 835 2678 Et
852 2629 967 2700 quanta
985 2641 1089 2680 senum
1111 2623 1230 2700 sapien·
1306 2633 1310 2642 “

85 2722 155 2781 tia?
191 2730 306 2802 quanta
334 2741 433 2780 rerum
465 2720 594 2782 notitia?
626 2742 704 2801 quae
738 2721 890 2781 consilia?
927 2731 1040 2802 quanta
1073 2723 1232 2801 gravitas?

87 2833 209 2903 quanta
238 2822 432 2883 constantia?
475 2825 573 2902 Igitur
603 2823 746 2902 Spartani
779 2844 869 2903 quum
899 2822 1059 2884 audaciam
1088 2833 1232 2904 putarent

88 2926 227 2985 florentis
255 2927 365 2984 aetatis
394 2946 477 2999 esse,
505 2925 698 3006 prudentiam
726 2925 932 2997 senescentis,
965 2926 1091 2986 iuvenes
1117 2927 1231 2988 viribus

89 3029 244 3106 corporis,
272 3047 375 3104 pugna
407 3036 445 3086 et·
464 3028 565 3106 gladio
594 3027 750 3086 excellere
779 3026 956 3102 voluerunt,
985 3029 1124 3102 senibus,
1151 3049 1232 3109 quae

88 3131 228 3206 ratione,
251 3130 416 3204 sententia,
440 3109 539 3189 animo
563 3128 825 3202 administrantur,
848 3129 970 3206 agenda
989 3129 1125 3188 arbitrati
1146 3140 1231 3190 sunt:

88 3231 226 3311 ideoque
249 3251 394 3290 summum
411 3231 613 3311 reipublicae
630 3230 805 3308 collegium,
830 3229 911 3311 quod
926 3231 1133 3291 Athenienses
1151 3231 1231 3291 Con-

89 3333 194 3391 silium
215 3332 425 3412 appcllabant,
454 3334 585 3411 Spartae
608 3331 740 3392 Senatus
768 3341 799 3390 et
825 3342 890 3391 erat
918 3340 950 3392 et
972 3331 1141 3392 dicebatur.
1191 3335 1233 3392 Et

90 3433 347 3514 quemadmodum
369 3435 401 3492 in
422 3433 539 3493 familia
567 3455 697 3495 summus
724 3434 817 3493 honos
839 3436 920 3512 patri
941 3433 1072 3492 familias
1092 3433 1233 3507 hahetur,

90 3539 135 3595 ita
158 3537 304 3614 Spartae,
328 3556 418 3615 quam
439 3556 530 3594 unam
547 3544 577 3594 et
595 3534 758 3594 indivisam
778 3535 923 3594 familiam
939 3534 1095 3612 legislator
1110 3535 1233 3596 efficere

92 3637 224 3711 studuit,
247 3639 380 3696 maxima
402 3645 468 3696 erat
489 3639 595 3697 senum
617 3637 803 3697 reverentia.
836 3637 912 3696 Rem
931 3644 1032 3696 autem
1051 3637 1233 3696 familiarem

93 3748 124 3798 et
150 3739 302 3798 connubia
331 3738 481 3819 quomodo
511 3741 725 3815 instruxerint,
752 3758 865 3818 pueros
896 3747 987 3819 atque
1020 3738 1232 3799 adolescentes

93 3841 205 3920 quibus
230 3841 345 3900 artibus
373 3841 412 3900 ad
435 3831 683 3920 temperantiam,
713 3841 752 3901 ad
779 3840 987 3921 prudentiam,
1015 3839 1054 3899 ad
1081 3840 1232 3900 fortitudi-

93 3963 178 4015 nem,
203 3941 243 4001 ad
263 3943 426 4020 pietatem,
450 3941 489 4001 ad
516 3943 619 4021 legum
640 3943 844 4002 obedientiam
862 3943 1063 4015 instituerint,
1090 3963 1233 4002 enarrare

92 4044 162 4106 nolo
186 4044 303 4124 peritis.
348 4043 431 4122 Quid
454 4065 526 4103 vero
549 4044 661 4119 dicam,
684 4054 718 4104 ut
740 4065 758 4103 a
779 4053 962 4118 mercatura,
986 4065 1004 4103 a
1024 4045 1156 4122 negotiis
1172 4065 1234 4102 ma·

92 4147 217 4220 ritimis,
246 4146 284 4204 ab
311 4146 496 4223 agricultura
519 4147 691 4226 ceterisque
722 4147 822 4224 operis
849 4145 1051 4206 illiberalibus
1077 4146 1235 4204 retinuerit

95 4269 145 4308 eos
163 4247 346 4324 legislator?
382 4249 423 4306 Et
444 4249 593 4325 negotiari
616 4247 739 4327 quidem
758 4267 816 4306 nec
836 4247 954 4308 Romae
970 4245 1111 4308 Senatori
1132 4246 1232 4305 licuit:

96 4358 126 4410 ct
144 4348 277 4422 Thebis,
301 4349 353 4430 qui
375 4349 414 4408 ad
434 4350 673 4427 rempublicam
695 4349 843 4409 accedere
865 4348 999 4422 vellent,
1022 4348 1127 4408 decem
1148 4348 1235 4406 anuis
