2800 4976
586 287 624 350 19

503 377 703 386 -ι---.-..

7 479 125 537 bariae
162 479 303 556 robigine
329 477 442 537 obsitas
470 479 610 538 nationes
635 489 770 552 teneret,
793 479 952 558 paullatim
974 483 1170 542 cultissimum

7 601 181 660 quemque
200 582 347 658 populum
368 580 407 638 ad
427 581 557 659 priscam
579 582 685 657 regiae
707 580 920 640 dominationis
943 583 1167 661 simplicitatem

7 684 198 753 revocavit,
222 702 312 760 qnam
326 689 432 759 utpote
443 683 538 760 patris
552 682 682 740 familias
697 684 843 760 potestati
857 685 1032 761 proximam,
1051 694 1169 745 constat

7 785 211 860 primitivam
232 783 335 855 fuisse,
351 802 422 842 mox
441 802 546 860 regum
561 784 669 860 partim
684 781 837 861 superbia,
858 785 969 862 partim
989 787 1168 864 impotentia

8 885 228 962 optimatium,
248 885 358 962 partim
379 884 478 963 plebis
501 864 701 943 effrenatione
716 904 863 944 eversam.
894 885 963 944 Non
982 887 1076 964 egois
1093 907 1167 960 sum,

8 987 66 1062 qui
91 993 251 1058 veterum,
276 983 459 1043 Graecorum
482 985 628 1062 inprimis,
653 985 886 1045 obtrectatorem
903 1005 1004 1064 agere,
1028 986 1167 1046 ardorem

8 1087 105 1144 illum
130 1086 285 1158 nobilem,
309 1105 369 1165 quo
391 1085 431 1143 ad
451 1086 584 1144 maxima
601 1085 740 1146 facinora
761 1087 901 1146 audenda
917 1087 1179 1168 impellebantur„

11 1189 145 1264 patriae
170 1187 384 1266 libertatisque
407 1207 538 1246 amorem
562 1187 875 1264 vehementissimum,
899 1187 1000 1248 odium
1023 1189 1054 1247 in
1074 1187 1186 1247 domi·

13 1311 72 1348 nos
97 1289 300 1367 implacabile
322 1288 557 1365 reprehendere,
581 1295 633 1346 aut
654 1309 776 1348 causam
799 1299 996 1370 tyrannorum
1014 1291 1169 1370 suscipere

14 1399 161 1448 tentem:
192 1409 296 1448 verum
319 1389 482 1468 splendore
502 1409 602 1448 rerum
622 1399 788 1468 gestarum,
812 1411 893 1470 quae
915 1391 1002 1451 nobis
1023 1392 1096 1471 ipsis
1117 1391 1168 1450 de·
1219 1423 1221 1428 ·

16 1491 98 1549 hent
124 1491 270 1570 exemplo
293 1510 360 1549 esse
384 1500 414 1550 et
432 1491 563 1565 fuerunt,
572 1493 757 1572 Ctrtiumq‘ue
780 1501 819 1552 et*
833 1492 1061 1568 disciplinarum
1081 1493 1169 1552 lumi-

18 1593 127 1662 nibus,
153 1591 264 1671 quibus
287 1592 390 1651 orbem
410 1593 599 1651 illustrarunt
616 1603 647 1652 et
661 1595 691 1652 in
711 1604 884 1654 extremam
896 1575 926 1673 'p
944 1591 1004 1653 “or
1018 1595 1172 1654 illustrent

21 1695 255 1771 posteritatem,
283 1694 466 1772 praestringi
493 1695 707 1753 nonnullorum
728 1697 824 1754 aciem
844 1691 965 1760 videet}
983 1691 1002 1754 ’ζ’
1020 1695 1170 1775 quidquid

24 1793 167 1853 Graecia
188 1795 306 1868 tulerit,
333 1795 563 1873 praedicatione
581 1816 637 1855 sua
659 1797 867 1856 extollendum
892 1805 1013 1878 putent,
1042 1805 1073 1856 et
1094 1795 1172 1854 falsa

26 1897 112 1974 capti
141 1897 247 1973 specie
274 1896 453 1955 felicitatem
475 1898 540 1956 eius
571 1899 667 1975 magis
697 1919 786 1979 quam
817 1919 872 1977 par
900 1907 946 1958 est
973 1892 1041 1958 ef⁰
1046 1867 1100 1980 ’gd
1109 1903 1172 2016 pt.

26 1998 111 2056 Num
143 1999 225 2056 enim
256 1997 394 2056 turbae
386 2019 578 2074 innumerae,
609 1999 718 2079 quibus
741 2021 844 2060 eorum
872 2021 921 2060 res
935 1993 1123 2070 pqlg„
1078 2041 1082 2052 .

29 2119 143 2158 cassae
167 2108 246 2173 sunt,
263 2120 335 2159 num
355 2099 475 2173 caedes,
498 2101 608 2160 exsilia
615 2098 722 2180 ‚pr'f'
727 2085 892 2180 ἰρῒὶΜΨ
903 2093 927 2128 ‘⁰'
948 2078 1155 2180 ‘trumpf'

30 2202 174 2259 cationes
195 2209 388 2259 tantumnon
410 2201 617 2280 quotidianae,
638 2199 837 2261 felicitatislc
842 2205 890 2262 to·
893 2198 1088 2261 habendae
1092 2178 1157 2239 'far

32 2301 262 2386 Cupiditatibus
285 2303 472 2379 singulorum
495 2303 705 2363 administrata
725 2304 887 2382 pleraque:
905 2323 1005 2363 rarum
1025 2268 1155 2361 ius'i.tu
1241 2323 1248 2334 ¹

33 2406 135 2478 cives,
167 2404 254 2463 nulla
287 2403 368 2483 apud
396 2404 517 2482 plebem
547 2403 713 2464 modestia.
760 2405 810 2464 Illi
834 2403 1022 2464 Graecorum
1045 2404 1124 2463 omni
1125 2381 1175 2462 ein

34 2506 294 2583 praestantissimi
316 2505 525 2566 Athenienses
554 2507 667 2565 rationi
693 2527 781 2566 aures
809 2505 999 2585 praebebant
1020 2502 1174 2585 quotidie3

36 2607 91 2665 sed
113 2615 233 2666 mentes
250 2627 311 2666 non
335 2607 589 2687 obsequebantur.
634 2606 718 2685 Opes
738 2609 850 2668 iniuste
867 2615 970 2686 partas
993 2605 1064 2665 inde
1084 2605 1176 2664 aPe-

36 2708 111 2767 ricla
135 2728 192 2787 per
212 2708 368 2767 levitatem
390 2708 547 2788 dissipant,
571 2709 782 2787 largitionibus
803 2708 983 2787 dilapidant.
1028 2705 1086 2765 Oui
1102 2725 1177 2765 vero

39 2810 172 2868 eandem
208 2810 361 2868 civitatem
396 2811 555 2888 insigniter
594 2810 741 2870 adiuvare
768 2812 889 2888 impune
922 2808 1033 2868 licuit?
1066 2807 1177 2867 Nonne

39 2913 195 2992 principes
214 2912 304 2986 viros,
326 2911 574 2980 Themistoclem,
597 2911 772 2982 Aristidem,
796 2910 961 2985 Cimonem,
985 2908 1179 2968 Alcibiadem

42 3011 79 3070 dc
96 3014 201 3072 causis
217 3020 269 3071 aut
287 3012 406 3072 levibus
429 3021 481 3071 aut
500 3012 592 3071 nullis
616 3014 725 3072 exsilio
740 3011 929 3071 multarunt?
951 3009 1074 3089 Quippe
1097 3010 1180 3090 quod

42 3113 151 3188 plebes
174 3133 292 3172 omnem
315 3113 530 3172 excellentiam
551 3115 670 3172 virtutis
693 3114 810 3173 invidia
830 3113 1084 3191 prosequebatur,
1106 3112 1180 3170 satis

46 3222 118 3273 erat¹
138 3213 178 3272 ad
205 3213 380 3292 pellendum
409 3215 559 3273 hominem
590 3216 747 3288 eximium,
781 3215 807 3275 si
831 3215 911 3274 bene
943 3214 980 3272 de
1003 3213 1180 3291 republica

46 3318 168 3376 meritus
194 3325 288 3392 esset;
318 3315 398 3395 quod
424 3317 555 3394 ingenue
585 3317 716 3394 professi
736 3324 807 3375 sunt
828 3316 969 3395 Ephesii,
990 3336 1081 3394 quum
1102 3313 1179 3372 ller-

48 3417 216 3493 medorum,
237 3417 417 3496 popularem
445 3419 588 3494 optimum
610 3427 640 3476 et
661 3417 813 3476 Heracliti
837 3417 958 3496 physici
990 3415 1181 3486 familiarem,

49 3519 103 3592 cui,
121 3520 203 3600 quod
233 3519 422 3578 decemviros
448 3519 479 3576 in
505 3518 625 3596 legibus
645 3517 813 3577 scribendis
835 3516 990 3576 adiuvisse
1014 3515 1181 3588 dicebatur,

49 3618 162 3679 Romae
185 3629 284 3679 statua
305 3620 337 3677 in
356 3619 477 3678 comitio
498 3619 620 3697 publice
643 3619 744 3678 dicata
768 3625 822 3692 est,
844 3618 891 3676 his
904 3617 1006 3677 verbis
1022 3618 1183 3677 elicerent:

52 3720 213 3792 „Nostrum
236 3739 325 3779 nemo
348 3722 476 3799 optimus
495 3730 574 3796 θεῖος
596 3719 641 3779 sin
664 3721 732 3799 quis
756 3719 899 3791 extiterit,
923 3719 983 3777 alio
1006 3720 1036 3777 in
1054 3719 1123 3776 loco
1139 3728 1182 3776 at·

54 3841 107 3899 que
133 3821 214 3902 apud
234 3821 310 3880 alios
333 3822 408 3881 sit:“
433 3821 629 3901 quamobrem
648 3820 827 3880 Heraclitus
849 3821 1006 3880 universos
1031 3821 1183 3897 Ephesios

55 3941 117 3981 esse
137 3931 233 3982 morte
260 3921 432 3983 multandos
459 3925 526 3982 iure
552 3942 606 3981 suo
630 3921 788 3980 iudicavit.
838 3923 927 3980 Haec
951 3921 1078 3995 atalia,
1107 3940 1186 4000 quae

55 4020 144 4084 horae
165 4024 255 4083 huius
277 4025 417 4101 angustia
440 4021 586 4095 excludit,
611 4043 646 4080 eo
669 4043 716 4080 me
736 4022 892 4082 adducunt
914 4031 947 4082 ut
969 4023 1104 4096 credam,
1126 4023 1185 4081 sin·

56 4125 188 4198 gularern
210 4125 299 4183 istam
312 4124 501 4184 Athenarum
521 4125 714 4204 pluriumque
734 4122 884 4184 Graeciae
903 4125 1071 4183 civitatium
1094 4122 1185 4181 liber·

57 4231 145 4286 tatem
168 4226 275 4286 durum
296 4227 396 4305 potius
419 4227 575 4285 servitium
599 4227 693 4284 fuisse
717 4225 771 4283 sub
788 4225 908 4284 domino
927 4225 1017 4284 avido
1042 4232 1072 4283 ct
1086 4225 1187 4301 ingra-

58 4333 98 4399 to,
123 4327 285 4407 plebisque
316 4327 564 4399 dominationem,
596 4327 705 4385 beluae
730 4326 867 4385 immanis
899 4333 930 4385 et
956 4327 1077 4396 variae,
1106 4323 1188 4383 haud

61 4425 168 4488 distare
193 4429 231 4486 ab
262 4437 399 4487 extrema
427 4427 605 4508 tyrannide:
638 4447 728 4507 quam
751 4427 847 4505 ipsam
873 4447 913 4486 ex
935 4427 990 4487 illa
1018 4427 1103 4506 gigni
1130 4445 1189 4484 nec

941 4525 986 4586 2*
