2800 4976
778 265 816 325 24

694 353 894 361 -—-——-—

231 451 348 512 duobus
375 453 517 512 amissum
545 473 601 534 per
629 473 717 513 casus
746 453 822 514 belli
844 462 925 527 erat,
953 454 1103 516 reddidit:
1133 468 1259 539 etpost
1288 470 1385 520 tantas

230 563 350 633 strages
374 555 497 632 gravius
525 556 622 633 affligi
648 554 732 615 Galli
752 563 911 635 poterant,
933 558 974 632 si,
1004 579 1083 638 quae
1108 559 1147 618 ab
1170 562 1232 621 illis
1265 584 1385 623 eramus

230 657 328 736 passi,
353 658 385 716 in
417 655 540 717 eosdem
562 657 764 718 voluissemus
787 665 976 738 retorquere.
1023 658 1086 719 Sed
1117 681 1154 722 ea
1177 664 1237 723 suit
1273 666 1393 756 lenitas}

231 759 398 838 generosa,
421 769 470 834 ut,
498 759 550 839 qui
573 767 634 818 tam
659 760 750 838 longe
774 759 812 818 ab
834 761 896 820 suis
919 761 1058 838 sedibus,
1086 773 1121 822 ut
1151 765 1224 824 olim
1251 761 1393 826 Romami

230 861 447 941 Delphosque,
482 859 521 920 ad
542 881 645 921 omnes
668 870 764 920 terras
794 861 953 923 vexandas
979 885 1016 924 ac
1041 866 1220 945 spoliandas
1246 859 1393 952 profecti}

231 970 331 1038 erant,
362 965 474 1042 quique
501 963 622 1022 fortuna
650 973 737 1022 crant
762 965 921 1024 immodice
946 967 1008 1043 usi,
1039 989 1106 1027 cum
1130 969 1166 1028 iis
1190 971 1222 1028 in
1246 973 1393 1050 ipsorum

229 1063 339 1124 finibus
362 1085 521 1142 ageremus
542 1067 832 1143 temperantissime:
855 1068 909 1146 qui
929 1075 991 1126 tam
1010 1071 1154 1129 atrociter
1173 1072 1207 1130 in
1228 1093 1295 1131 nos
1322 1094 1393 1144 sae-i

229 1168 365 1240 vierant,
395 1168 546 1226 atrociora
572 1169 679 1226 minati
706 1177 807 1244 erant,
833 1169 870 1229 iis
891 1189 1086 1247 parceremus
1108 1173 1214 1232 victis:
1241 1174 1380 1256 denique

230 1289 358 1352 quorum
379 1269 464 1328 nulla
485 1268 577 1345 fides,
601 1269 686 1328 nulla
707 1271 815 1348 religio
836 1271 951 1344 fuerat,
974 1273 1010 1331 iis
1032 1273 1167 1332 nativam
1189 1275 1282 1336 illam
1309 1277 1393 1350 Ger-3

229 1373 368 1432 manicae
391 1372 523 1430 nationis
551 1373 757 1449 integritatem
773 1373 811 1431 ab
829 1373 908 1431 omni
924 1372 994 1433 fuco
1017 1383 1047 1433 et
1069 1375 1195 1435 fallacia
1209 1365 1393 1446 remetissi}

229 1494 309 1532 mam
337 1495 371 1534 re
400 1475 467 1552 ipsa
495 1472 734 1533 ostenderemus.
779 1473 854 1534 Illas
877 1495 949 1534 vero
977 1495 1026 1535 res
1050 1478 1103 1556 qui
1129 1497 1276 1557 gessere,
1304 1457 1393 1546 nunci

230 1576 362 1637 redeunt
382 1575 419 1634 ad
439 1583 583 1654 pariam,
606 1583 640 1635 ut
660 1577 743 1636 cives
767 1578 828 1635 sint
847 1598 944 1657 aeque
963 1577 1036 1637 boni
1059 1599 1151 1658 quam
1172 1581 1308 1644 fuerunt
1331 1557 1393 1642 mii

231 1679 319 1751 lites3
340 1698 402 1736 non
416 1675 532 1757 praeda
547 1680 660 1754 onusti,
685 1679 734 1737 oui
755 1681 962 1739 mercenarius
982 1681 1093 1756 inhiat,
1115 1681 1170 1740 sed
1189 1696 1378 1765 paupertate

230 1801 286 1841 sua
313 1781 448 1839 contenti
471 1788 501 1839 et
522 1781 652 1839 nominis
674 1781 830 1841 Borussici
851 1781 950 1860 gloria
967 1783 999 1841 in
1020 1784 1198 1844 immensum
1229 1799 1331 1848 aucta
1354 1799 1393 1847 et¹

230 1884 310 1943 orbis
325 1890 478 1941 terrarum
500 1882 712 1945 admiratione.
846 1895 849 1900 '
1392 1893 1393 1960 t

314 1986 436 2044 Tantae
461 1993 562 2044 autem
584 1994 707 2064 tamque
730 1986 905 2064 multiplicis
929 1987 1100 2061 felicitatis,
1126 1991 1241 2049 nonin
1263 1993 1393 2072 opibus,

219 2088 337 2148 sedin
369 2087 480 2146 virtute
510 2088 664 2168 animique
688 2087 775 2146 bonis
799 2089 930 2166 positae,
953 2097 1057 2148 auctor
1078 2111 1155 2149 unus
1179 2095 1290 2153 extitit
1314 2089 1393 2172 sni-t

228 2191 349 2250 derisus
371 2187 552 2249 Guilelmus.
596 2190 657 2249 Hic
675 2189 820 2268 populum
835 2191 1027 2250 Borussicum
1048 2190 1087 2250 ad
1109 2192 1140 2250 id
1163 2197 1275 2256 evexit
1291 2198 1374 2256 fasti·

226 2294 324 2372 giam,
353 2299 387 2350 ut
416 2292 525 2351 ceteris
546 2289 731 2351 Germaniae
760 2300 852 2370 atque
874 2293 1019 2371 Europae
1041 2296 1205 2353 universae
1229 2300 1374 2376 gentibus

229 2403 309 2455 esset
332 2393 487 2472 exemplo,
508 2394 760 2473 quemadmodum
781 2385 846 2473 ipse
868 2395 949 2473 regis
973 2397 1130 2476 exemplar
1143 2407 1288 2475 praestat
1308 2422 1393 2481 per·

225 2498 438 2570 festissimum,
466 2503 588 2555 ornatus
613 2499 727 2578 quippe
755 2495 875 2556 dotibus
904 2499 942 2556 iis
970 2498 1122 2575 omnibus,
1155 2501 1270 2579 quibus
1293 2505 1372 2581 prin·

227 2620 300 2680 ceps
328 2600 409 2658 omni
437 2619 475 2657 ex
500 2605 589 2678 parte
615 2599 773 2659 absolutus
807 2597 899 2658 debet
929 2599 1093 2660 instructus
1126 2621 1203 2662 esse.
1251 2605 1393 2683 Regemt

226 2704 307 2763 enim
331 2701 420 2760 decet
447 2687 557 2759 fortem
577 2721 658 2774 esse,
680 2710 716 2761 ut
743 2701 897 2760 civitatem
917 2701 1099 2761 incolumem
1123 2702 1160 2762 ab
1184 2713 1320 2764 externa
1342 2707 1370 2764 vi

225 2813 361 2881 tueatur;
391 2823 529 2883 parcum,
555 2822 595 2861 ne
626 2823 699 2882 opes
727 2804 773 2862 rei
803 2802 947 2882 publicae
978 2803 1115 2863 effundat
1140 2807 1316 2886 sumptibus
1345 2817 1372 2867 et

224 2906 451 2985 magnificentia
468 2925 714 2984 supervacanea,
736 2925 838 2985 neque
858 2914 960 2965 tamen
981 2905 1135 2965 sordidum
1158 2917 1210 2966 aut
1232 2930 1369 2982 avarum,
1392 2935 1393 2956 i

223 3008 280 3070 sed
301 3007 460 3068 liberalem
487 3008 736 3087 munificumquo;
764 3017 925 3086 praeterea
946 3009 1072 3084 iustum,
1098 3029 1133 3068 ao
1157 3030 1224 3068 eum
1253 3013 1369 3072 severi·
1392 3071 1393 3096 ἶ

221 3119 286 3170 tate
306 3112 410 3170 mitem
433 3119 463 3169 et
483 3110 679 3187 clementem3
705 3109 834 3170 eundern
856 3110 1046 3188 religiosum,
1063 3112 1160 3190 pium,
1185 3114 1367 3192 sapientem,

223 3222 392 3288 strenuum,
420 3233 487 3272 cum
515 3213 668 3290 gravitate
691 3213 883 3290 popularem
916 3213 1085 3272 litterarum
1114 3215 1285 3294 artiumque
1312 3224 1367 3277 sta-

222 3325 335 3393 torem3
362 3324 514 3394 postremo
537 3317 568 3373 in
590 3315 710 3393 privata
729 3315 793 3373 vita
819 3315 968 3393 integrum
996 3317 1179 3395 pemque,
1206 3325 1237 3375 et
1254 3317 1367 3376 bonum

221 3427 339 3498 patrem
362 3418 511 3492 familias,
531 3425 694 3497 propterea
710 3415 789 3496 quod
812 3417 879 3475 fieri
901 3438 960 3476 non
979 3425 1098 3497 potest,
1116 3427 1149 3477 ut
1164 3419 1189 3476 is
1211 3419 1366 3478 subiectos

223 3519 428 3600 diligat,.qui
450 3541 488 3579 ne
511 3539 638 3578 uxorem
666 3517 789 3598 quidem
819 3539 855 3578 ac
881 3519 994 3578 liberos
1015 3540 1116 3579 amore
1140 3520 1259 3580 sincero
1287 3542 1365 3580 com·

220 3624 383 3702 plectatur.
429 3621 506 3699 Quis
533 3604 616 3681 vero,
633 3621 736 3682 fortior
765 3619 924 3680 Friderico
949 3619 1125 3680 Guilelmo‘?
1155 3622 1222 3700 quis
1244 3625 1365 3700 parcior

210 3725 361 3804 ‚idemque
389 3724 569 3784 liberalior?
603 3725 670 3804 quis
706 3724 811 3782 iustior
841 3743 877 3781 ac
907 3722 1029 3781 mitior?
1065 3725 1134 3801 quis
1170 3723 1363 3799 religiosior?

221 3826 284 3886 Sed
306 3827 379 3907 quid
410 3827 532 3905 singula
559 3825 692 3904 repeto?
734 3825 832 3884 Nemo
857 3833 903 3884 est
925 3825 1021 3899 enim,
1053 3827 1106 3904 qui
1127 3825 1260 3900 nesciat,
1285 3847 1363 3904 quae

220 3929 285 3988 dixi
311 3929 412 3987 omnia
436 3930 467 3987 in
493 3926 652 3987 Friderico
680 3927 833 3987 Guilelmo
862 3927 975 4003 insigni
997 3926 1083 3998 modo
1105 3929 1215 3986 inesse.
1261 3927 1362 3986 Unum

220 4031 333 4105 dicam,
356 4029 438 4110 quod
460 4028 499 4088 ad
517 4049 678 4108 personam
698 4035 830 4087 nostram
846 4029 985 4108 proximo
1007 4030 1155 4105 pertinet,
1179 4028 1253 4107 quid
1275 4029 1360 4089 bonis

198 4133 332 4191 disens
355 4132 458 4191 fuerit.
502 4133 583 4192 Nam
606 4150 788 4211 quamquam
810 4132 999 4209 superiorum
1020 4150 1125 4208 regum
1146 4129 1229 4190 haud
1251 4133 1362 4208 exigua

220 4236 258 4294 de
282 4235 375 4292 omnis
399 4214 521 4311 generis
545 4232 715 4293 eruditione
737 4233 845 4292 merita
867 4230 1269 4305 sunt,F1·idericustamen
1289 4231 1360 4291 Gui-

219 4336 333 4396 lelmus
344 4344 469 4396 cunctos
486 4343 516 4396 et
531 4333 726 4394 multitudine
741 4332 959 4404 beneficiorum
977 4341 1007 4392 et
1024 4332 1221 4412 amplitudine
1238 4353 1358 4412 supera-

216 4440 276 4516 vit3
311 4440 364 4519 qui
384 4437 433 4498 vel
455 4458 490 4497 eo
509 4445 661 4518 tempore,
688 4457 747 4516 quo
772 4437 919 4496 afflictum
941 4435 1029 4494 malis
1050 4434 1173 4495 iacebat
1196 4435 1357 4514 imperium,
