2800 4976
507 353 708 362 ---.-.ι

12 478 125 519 sacra
141 457 281 538 prytanei
297 456 433 529 flamma,
453 455 569 514 lumina
589 453 760 516 accendant
778 453 904 516 mentis:
928 473 1029 536 neque
1043 473 1177 536 unquam

12 581 82 622 eae
118 561 274 641 periturae
295 566 380 634 sunt,
405 557 476 616 dum
495 557 683 632 humanitas,
707 557 777 618 dum
806 557 972 637 sapientia,
1003 556 1074 618 dum
1096 558 1176 618 litte·

9 683 77 721 rae
108 671 143 722 et
163 669 244 720 artes
266 659 443 720 mortalibus
472 659 556 719 cordi
578 670 674 722 erunt.
718 661 850 721 Nostrae
876 680 949 720 vero
975 662 1070 722 aetati
1089 659 1174 720 dubi-

9 763 112 822 tabit
135 783 224 822 nemo
247 784 310 822 non
333 772 393 822 tam
421 762 603 842 Spartanam
629 762 713 822 illam
736 761 942 843 disciplinam,
965 761 1174 844 quamfAtbe-

9 887 140 924 narum
159 864 378 924 liberalitatem
397 862 573 923 sectandam
593 884 676 938 esse,
701 863 851 945 siquidem
871 863 922 923 vel
942 865 1051 943 religio
1070 873 1174 925 nostra

8 963 229 1026 sanctissima
249 965 363 1039 voluit,
386 987 447 1025 nou
471 973 505 1024 ut
528 967 696 1046 mancipia,
725 965 779 1026 sed
800 975 833 1025 ut
853 965 943 1026 liberi
969 985 1117 1040 essemus,
1140 967 1175 1026 li·

7 1069 168 1149 bereque
192 1069 383 1128 sentiremus.
425 1066 516 1126 Certe
539 1066 622 1146 quod
643 1069 743 1126 Divus
767 1065 999 1147 chrysostomus
1021 1068 1103 1128 haud
1123 1069 1175 1129 ab·

8 1171 123 1230 surde
141 1169 366 1250 pronuntiavit,
390 1189 480 1228 cruce
502 1167 616 1230 Christi
634 1171 761 1230 rusticos
777 1187 880 1228 omnes
897 1189 964 1229 esse
980 1171 1175 1251 philosophos

8 1273 147 1332 factos:
178 1271 211 1330 id
241 1269 365 1350 quidem
391 1269 514 1330 videtur
546 1291 582 1330 eo
615 1272 734 1346 valere,
767 1281 802 1330 ut
828 1271 993 1332 animorum
1019 1275 1175 1333 servitium

9 1375 251 1454 qualecunque
284 1393 303 1430 a
336 1371 516 1432 Christianis
555 1373 727 1432 hominibus
759 1372 910 1434 iudicetur
945 1373 1172 1436 alienissimum.

10 1479 135 1556 Atque
165 1475 259 1534 animi
286 1475 464 1534 immortalis
491 1476 727 1536 immensitatem
754 1476 899 1536 limitibus
928 1477 1003 1536 actis
1031 1497 1173 1540 coercere

11 1578 145 1636 frustra
164 1575 257 1636 hbdie
278 1579 460 1649 tentaveris,
489 1578 532 1636 ita
557 1597 613 1656 per
635 1597 738 1637 omnes
757 1588 853 1638 terras
878 1577 993 1638 diffusis
1023 1587 1053 1639 et
1078 1579 1172 1640 disse·

10 1681 154 1737 minatis
175 1678 345 1737 litterarum
363 1678 526 1738 luminibus
554 1680 744 1754 clarissimis,
771 1689 820 1752 ut,
844 1681 939 1760 siquis
967 1701 1005 1740 ea
1027 1682 1060 1740 vi
1086 1681 1171 1741 adhi-

13 1780 93 1840 bita
119 1782 334 1858 exstinguere,
353 1781 549 1861 tenebrisque
573 1791 735 1860 contegere
757 1792 787 1842 et
811 1782 975 1843 obvolvere
997 1781 1092 1842 ullam
1106 1785 1171 1844 sive

15 1892 154 1960 gentem
178 1885 244 1942 sive
264 1881 443 1942 eruditionis
465 1892 583 1961 partem
603 1883 695 1942 fuerit
716 1893 858 1959 conatus,
885 1884 962 1943 nihil
987 1879 1172 1963 prius'com·

14 1994 152 2063 pareat,
180 2004 271 2063 quam
294 1985 417 2044 miseria
447 1994 561 2066 quanta
585 1985 724 2045 laborent
751 1987 785 2062 ii,
813 1986 922 2066 quibus
946 1987 1054 2046 mentis
1084 1989 1173 2067 quasi

14 2087 79 2146 lux
104 2086 281 2148 effodiatur.

113 2192 158 2248 Et
179 2189 210 2248 in
231 2198 336 2248 nostra
355 2188 476 2269 quidem
498 2190 622 2248 civitate
643 2198 763 2250 constat
784 2190 902 2249 litteras
923 2209 984 2248 non
1010 2191 1106 2250 selum
1128 2192 1172 2249 in·

16 2294 130 2369 geniis
154 2293 283 2364 civium,
306 2289 361 2350 sed
381 2291 551 2370 principum
571 2291 623 2350 vel
638 2294 770 2351 maxime
786 2292 920 2352 consiliis
938 2291 1115 2352 liberalibus
1131 2293 1174 2351 ita

18 2395 158 2469 florere,
182 2401 216 2451 ut
236 2393 393 2452 nobiseum
414 2412 533 2470 paucae
549 2391 587 2453 de
609 2393 766 2454 doctrinae
784 2395 886 2473 palma
904 2393 1088 2454 contendere
1103 2415 1171 2474 pos·

20 2497 98 2560 sint.
145 2496 227 2554 Nam
248 2494 301 2554 ubi
324 2495 498 2554 memoriam
521 2504 689 2574 temporum
706 2497 903 2576 replicamus,
927 2496 978 2556 vel
1001 2516 1038 2555 ea
1059 2505 1170 2572 aetate,

22 2619 89 2678 qua
110 2617 184 2656 rara
205 2595 365 2655 admodum
385 2599 417 2656 in
434 2597 481 2656 his
501 2599 590 2658 terris
610 2597 748 2658 doctrina
768 2599 937 2677 elegantior
954 2608 1032 2671 erat,
1055 2597 1173 2677 aliquot

21 2710 202 2759 nostrorum
224 2700 394 2779 principum
413 2699 496 2758 haud
517 2699 710 2761 mediocriter
726 2699 859 2760 eruditos
884 2702 1073 2760 invenimus:
1097 2721 1172 2779 quos

22 2811 58 2860 ut
87 2801 303 2879 magnitudine
336 2803 427 2860 animi
460 2810 490 2860 et
518 2801 680 2880 prudentia
707 2803 804 2878 civili,
832 2811 866 2862 ut
892 2823 993 2862 rerum
1020 2811 1172 2880 gestarum

23 2905 144 2981 gloria,
170 2911 204 2962 ut
226 2903 424 2981 amplitudine
452 2903 587 2982 imperii,
612 2905 657 2988 ita
680 2905 850 2964 litterarum
870 2905 970 2964 studio
992 2903 1170 2964 Fridericus

24 3007 162 3084 Magnus
185 3006 349 3083 superavit.
381 3005 484 3086 Atque
500 3026 535 3064 eo
556 3026 629 3084 rege
647 3008 786 3084 contigit,
805 3006 888 3086 quod
905 3007 966 3065 nisi
983 3008 1169 3086 contigisset,

24 3127 127 3184 genus
151 3107 315 3166 humanum
333 3127 424 3186 posse
438 3107 559 3166 beatum
578 3127 645 3168 esse
660 3108 751 3167 Plato
770 3111 910 3186 negavit,
933 3117 966 3167 ut
982 3117 1011 3168 et
1027 3117 1171 3187 regnaret

25 3209 229 3288 philosophus
252 3218 282 3268 et
304 3229 362 3268 rex
382 3208 664 3288 philosopharetur3
683 3209 879 3290 philosophus
901 3219 1002 3269 autem
1023 3231 1115 3291 quum
1130 3211 1168 3268 si-

26 3312 115 3370 miles
145 3311 193 3370 sui
222 3310 353 3371 reddere
381 3331 472 3390 quam
498 3312 642 3390 plurimos
670 3321 767 3390 optet,
802 3313 855 3372 ille
886 3312 1061 3372 Fridericus
1092 3312 1170 3370 nihil

28 3412 121 3470 duxit
141 3413 239 3489 magis
264 3412 502 3491 promovendum
524 3435 614 3493 quam
636 3422 717 3474 artes
737 3414 833 3473 bonas
854 3423 885 3474 et
906 3413 1078 3472 libertatem
1101 3433 1168 3472 sen·

27 3513 128 3573 tiendi
152 3534 188 3572 ac
210 3513 347 3574 dicendi:
377 3535 456 3596 quae
481 3515 534 3575 ubi
557 3517 795 3595 opprimebatur,
824 3517 867 3576 ibi
895 3516 948 3575 vel
970 3515 1169 3574 saluberrima

28 3615 187 3674 doctorum
208 3616 323 3694 placita
344 3616 487 3676 damnata
507 3637 600 3696 saepe
625 3617 662 3676 eb
690 3637 801 3677 vanam
825 3618 989 3696 impietatis
1017 3625 1069 3675 aut
1091 3616 1168 3676 alius

27 3737 130 3776 noxae
152 3717 315 3778 cuiuslibet
335 3719 536 3797 suspicionem
550 3721 696 3799 reperies.
730 3720 797 3779 Hoc
811 3728 913 3779 tamen
928 3719 981 3778 illo
999 3720 1168 3796 imperante

30 3819 144 3878 accidit
161 3819 344 3893 luctuosum,
369 3818 451 3898 quod
472 3823 617 3882 sanctitas
640 3823 797 3900 religionis
818 3831 882 3881 tum
904 3822 968 3881 fere
991 3823 1118 3901 primum
1137 3823 1168 3881 in

31 3921 198 3981 Germania
224 3932 334 3982 conatu
359 3923 451 4000 impio
479 3931 589 4002 coepta
621 3933 669 3984 est
693 3923 888 3984 labefactari:
924 3924 1005 3983 unde
1036 3933 1110 4004 quot
1138 3933 1168 3982 et

32 4033 145 4103 quanta
164 4025 247 4083 mala
268 4025 437 4084 invaserint
457 4027 600 4104 patriam,
622 4047 702 4085 nunc
717 4025 837 4085 demum
851 4025 1057 4105 imprudentes
1069 4046 1168 4104 aeque

34 4146 98 4184 cum
124 4124 332 4214 prudentibus¹
356 4127 501 4186 sentiunt.
545 4127 608 4186 Res
636 4127 813 4205 dignissima
845 4149 967 4207 prorsus
999 4129 1168 4206 principum

33 4228 214 4306 sapientium
238 4249 309 4287 cura
330 4227 476 4288 sollicita:
504 4249 605 4308 neque
632 4249 668 4287 ea
696 4229 839 4306 neglecta
867 4231 899 4289 in
925 4232 973 4290 his
995 4231 1082 4289 terris
1105 4237 1167 4305 est3

35 4330 87 4388 sed
110 4349 201 4406 aegre
222 4329 365 4389 medeare
388 4330 481 4406 malo,
512 4332 596 4389 cuius
622 4330 803 4390 obstandum
829 4333 987 4410 principiis
1010 4332 1081 4390 fuit:
1110 4350 1169 4390 nec

36 4431 123 4490 facile
143 4430 265 4491 modum
286 4440 393 4492 teneas
417 4433 449 4491 in
475 4431 697 4511 compescenda
724 4453 758 4492 re
786 4432 867 4492 modi
895 4433 1169 4513 impatientissima.
