2800 4976
727 244 883 342 Α,
901 335 919 342 -

250 431 339 510 culpa
357 433 551 508 Pontificum,
571 455 609 493 ex
628 435 738 514 quibus
753 436 870 516 aliquot
880 457 943 497 non
957 437 1046 496 modo
1067 437 1184 500 litteras
1207 436 1371 516 spernebant

250 555 286 592 ac
302 534 510 607 fastidiebant,
528 535 582 594 sed
595 537 789 596 sanctitatem
802 558 868 596 cum
885 539 1037 616 imperitia
1050 557 1141 619 quam
1158 560 1227 598 cum
1244 541 1371 618 sapientia

250 635 358 694 melius
376 637 539 696 convenire
560 635 752 713 arbitrantes,
769 637 917 718 quidquid
932 639 1132 700 eruditionem
1152 639 1319 712 redoleret,
1337 642 1371 696 in·

249 737 375 815 pietatis
395 737 519 796 crimine
535 736 721 798 damnabant
736 761 772 800 ao
791 740 934 818 religioni
954 742 1158 821 periculosum
1173 743 1371 822 perniciosum·

250 858 310 917 qne
332 837 511 911 censebant,
533 841 623 898 sicuti
644 841 798 920 principes
817 840 931 900 indocti
949 863 1110 920 regnorum
1130 845 1295 902 securitati
1311 863 1326 899 a
1341 843 1372 899 lit-

250 941 356 1000 teratis
380 949 515 999 metuere
539 941 647 1000 solent.
693 943 734 1000 Et
760 961 833 1002 sanc
855 943 880 1000 si
902 943 1012 1020 religio
1036 943 1114 1002 nihil
1136 965 1154 1002 a
1176 945 1372 1024 superstitious

252 1041 368 1116 differt,
391 1043 436 1100 illi
459 1042 578 1100 cultura
601 1044 710 1116 animi,
740 1063 820 1123 qnae
843 1043 923 1102 hanc
946 1043 1084 1122 dispellit
1105 1055 1136 1104 ct
1158 1048 1291 1116 evertit,
1315 1041 1373 1101 haud

252 1142 448 1204 mediocriter
470 1139 572 1204 ob'cst:
595 1145 643 1204 sin
657 1147 756 1223 pietas
771 1147 906 1224 genuina
921 1143 959 1204 ab
977 1155 1062 1204 recta
1083 1144 1207 1206 divinae
1228 1148 1371 1206 humanae·

253 1265 314 1326 que
335 1252 464 1304 naturae
486 1246 659 1322 cognitione
682 1246 802 1324 seiungi
819 1267 879 1306 non
898 1256 1008 1326 potest,
1031 1247 1189 1308 doctrinae
1204 1249 1309 1306 lucem
1325 1245 1373 1303 reli·

255 1349 306 1425 gio
332 1367 394 1406 non
423 1345 614 1406 detrectabit.
659 1347 776 1426 Quodsi
805 1349 955 1410 ecclesiae
978 1351 1108 1410 ministri
1138 1358 1218 1410 artes
1253 1348 1371 1408 liberales

256 1449 422 1526 diligenter
446 1447 624 1524 coluissent,
645 1451 770 1528 ingenia
786 1449 893 1510 studiis
911 1452 1180 1531 praestantissimis
1203 1452 1371 1518 formassent,

257 1551 420 1624 aluissent,
442 1552 665 1627 exercuissent,
688 1553 826 1632 profecto
848 1572 948 1632 neque
973 1554 1180 1614 institutiones
1203 1554 1327 1613 divinae
1344 1559 1371 1607 tu

256 1653 394 1713 humanis
415 1653 538 1732 placitis
561 1663 737 1728 exornatae,
766 1661 811 1713 tot
837 1656 1012 1734 praestigiis
1040 1655 1164 1714 fucatae
1188 1665 1218 1716 et
1241 1661 1370 1714 oneratae

257 1754 389 1835 denique
415 1755 552 1814 formulis
580 1763 642 1814 tam
669 1756 806 1816 molestis
834 1757 998 1816 conclusae
1022 1765 1052 1816 et
1075 1759 1262 1816 constrictae
1285 1759 1371 1815 essent

257 1877 316 1916 nec
336 1857 478 1916 mortales
498 1877 590 1936 quum
612 1857 650 1916 ad
665 1858 838 1918 libertatem
852 1860 931 1932 nati,
950 1867 1013 1918 tum
1032 1877 1071 1918 ex
1086 1858 1312 1938 superstitionis
1327 1856 1370 1912 rir-

258 1959 336 2018 culis
357 1957 469 2017 Christi
491 1959 586 2036 ipsius
611 1957 774 2039 disciplina
801 1959 949 2020 vindicati
976 1980 1088 2020 novam
1117 1969 1148 2020 et
1169 1957 1370 2020 intolerandam

256 2060 434 2120 servitutem
461 2060 627 2118 animorum
649 2060 817 2135 subissent,
847 2082 907 2142 qua
935 2082 988 2122 eos
1017 2081 1117 2141 neque
1144 2062 1272 2121 scholae
1294 2062 1368 2118 ianr

259 2161 369 2221 Oarolo
383 2163 495 2240 Magno
516 2163 713 2239 instauratae,
735 2184 794 2224 nec
811 2163 989 2223 scholastici
1008 2164 1185 2242 philosophi
1201 2159 1369 2242 opinionibus

255 2265 388 2344 receptis
408 2273 525 2342 partem
548 2265 709 2324 maximam
727 2267 808 2344 capti
828 2265 989 2326 exsolvere
1007 2275 1182 2345 potuerunt.
1210 2266 1287 2326 Plus
1303 2279 1368 2341 quan

256 2366 318 2426 illis
341 2364 468 2430 debetur
485 2368 560 2445 ipsis
576 2366 741 2427 Christiani
757 2369 888 2428 nominis
904 2369 1039 2428 hostibus
1055 2369 1173 2443 Turcis,
1193 2370 1247 2450 qui
1264 2362 1375 2444 Graecia

258 2476 349 2547 capta
369 2477 401 2530 et
425 2479 601 2548 expugnata
624 2468 887 2551 Constantinopoli
914 2470 1048 2530 eruditos
1071 2472 1101 2530 in
1123 2471 1247 2530 Italiam
1269 2463 1367 2549 pepule-

256 2580 341 2645 runt,
364 2571 474 2653 quibus
493 2593 548 2651 per
566 2570 713 2652 quosdam
733 2574 821 2652 quasi
844 2573 1051 2652 exploratores
1079 2574 1162 2652 prius
1185 2593 1221 2632 eo
1243 2569 1368 2652 prosectu

257 2674 310 2734 via
337 2682 404 2733 erat
429 2675 596 2752 patefacta.
644 2675 722 2734 Tum
751 2676 920 2752 linguarum
945 2674 1061 2749 studia,
1093 2673 1233 2734 Graecae
1263 2670 1366 2732 marim

258 2774 383 2844 diffusa:
408 2763 447 2834 et*
457 2775 516 2833 fari
538 2795 617 2854 quae
636 2777 785 2835 sentirent
805 2776 878 2834 Itali
897 2775 988 2849 docti,
1008 2797 1047 2834 ex
1066 2797 1125 2856 quo
1141 2777 1297 2849 Petrarca,
1315 2772 1367 2829 Boc·

259 2878 391 2953 caecius,
410 2877 595 2938 Laurentius
614 2877 713 2951 Valla,
738 2877 917 2938 Leonardus
939 2879 1058 2938 Bruuus
1078 2879 1240 2954 Aretinus,
1260 2871 1366 2952 Poggius

259 2977 469 3053 Florentinus,
491 2979 638 3039 Nicolaus
658 2981 815 3055 Perottus,
837 2981 1019 3040 Franciscus
1040 2980 1235 3060 Philelphus,
1256 2973 1367 3052 Angelus

260 3079 440 3154 Politianus,
469 3081 522 3140 alii
544 3081 601 3141 viri
623 3081 763 3142 industrii
785 3090 815 3142 et
838 3083 988 3160 ingeniosi
1005 3084 1115 3160 partim
1138 3082 1241 3142 fontes
1265 3070 1366 3154 antiqui·

259 3181 332 3240 tatis
350 3193 547 3262 aperuerunt,
576 3185 686 3262 partim
708 3184 854 3243 sermonis
881 3185 1012 3264 puritate
1039 3183 1182 3258 reducta,
1211 3177 1368 3260 elegantiam

260 3284 322 3343 stili
341 3293 372 3343 et
394 3285 599 3365 eloquentiam
618 3284 826 3344 ostenderunt.
860 3286 1089 3346 Aristotelicam
1109 3307 1181 3346 vero
1199 3280 1366 3358 theologiam,

261 3387 311 3446 cui
337 3405 386 3447 ars
408 3388 590 3448 scholastica
611 3386 865 3462 adhaerescebat,
890 3388 1118 3448 Platonicorum
1144 3397 1228 3448 secta
1252 3397 1309 3447 tum
1325 3377 1373 3457 pfl?

260 3510 339 3548 mum
360 3490 523 3568 perfregit,
546 3509 602 3569 per
619 3488 785 3568 Georgium
803 3488 998 3563 Gemistium,
1017 3491 1241 3562 Bessarioncm,
1260 3489 1366 3548 Marcum

261 3593 425 3667 Musarum,
448 3593 595 3653 Ioannem
617 3593 724 3652 Picum
742 3590 996 3667 Mirandulanum,
1015 3593 1184 3652 Marsilium
1202 3593 1331 3650 Fieinum
1348 3585 1366 3636 tl

261 3694 450 3754 academiam
471 3696 660 3755 Platonicam
682 3697 725 3754 ita
752 3695 872 3755 firmata
900 3701 931 3753 et
959 3705 1057 3772 aucte,
1086 3703 1119 3754 ut
1144 3693 1258 3754 decora
1283 3685 1372 3750 Italiae

261 3796 428 3857 clarissima
460 3806 492 3858 ct
519 3797 706 3858 nobilissima
735 3798 767 3856 in
793 3805 897 3876 partes
928 3817 999 3856 suas
1028 3796 1171 3856 traheret.
1215 3787 1366 3855 Accedebat

258 3899 462 3978 typographia
488 3919 596 3960 recens
624 3901 758 3974 inventa,
788 3899 873 3957 cuius
899 3897 1082 3957 adminiculo
1108 3900 1238 3976 optimus
1266 3893 1372 3977 quisque

258 3998 337 4059 liber
361 4000 425 4059 late
451 3999 721 4073 disseminabatur,
757 4001 932 4077 excogitata
958 4000 1047 4060 citius
1072 4019 1162 4078 quam
1189 4019 1280 4074 voce,
1308 4003 1363 4072 qsstl

259 4109 359 4160 tamen
389 4100 472 4160 alata
498 4101 595 4176 dicta,
623 4101 674 4160 vel
701 4103 733 4161 in
758 4109 891 4161 remotas
913 4100 1113 4179 portabantur
1134 4109 1240 4162 terras.
1282 4098 1363 4170 Neque

259 4203 491 4262 universitatum
512 4205 691 4278 institutum,
714 4224 841 4283 quarum
860 4223 1003 4264 numerus
1022 4202 1105 4262 haud
1125 4205 1253 4281 exiguus
1272 4189 1371 4278 saecnln

258 4304 364 4382 quinto
390 4301 507 4363 decimo
536 4306 670 4378 emersit,
698 4325 881 4386 quamquam
911 4287 1159 4366 scholasticorum
1185 4303 1311 4366 tenebris
1329 4291 1361 4353 oh·

259 4414 421 4480 scuratum,
443 4406 535 4484 plane
552 4416 616 4465 tum
632 4407 740 4466 inutile
756 4408 823 4481 fuit,
847 4406 928 4486 quod
945 4408 1073 4468 iuvenes
1090 4408 1206 4484 ingenti
1222 4391 1371 4486 frequentat
