2800 4976
584 239 623 298 47

5 427 114 484 llius
125 427 171 484 rei
182 445 342 505 occupare,
359 445 378 484 a
393 426 518 484 Domini
528 427 623 485 nostri
634 426 798 486 maioribus
810 425 1036 504 gloriosissimis
1047 425 1172 504 insigni·

7 549 67 587 er
100 527 235 599 adiutae,
264 529 350 586 cuius
373 529 464 586 tertia
491 527 663 587 saecularia
690 528 747 588 hoc
769 548 848 586 anno
877 547 931 586 suo
959 535 1095 606 tempore
1115 529 1173 587 rite

5 631 144 688 »bituri
165 649 283 688 sumus:
307 630 558 688 instaurationem
582 630 650 689 dico
677 639 709 689 et
734 629 978 690 emendationem
1005 628 1172 704 doctrinae,

5 731 118 803 idei,
139 731 298 808 religionis
321 730 523 807 Christianae,
551 751 611 813 qua
639 739 710 790 ante
739 733 794 791 hos
816 739 969 792 necantes
989 749 1085 792 annos
1108 731 1174 792 orbi

5 835 176 892 aniverso
199 842 230 892 et
252 833 418 912 praecipue
440 831 625 892 Germaniae
645 854 727 892 nova
749 834 863 894 affulsit
885 833 939 891 lux
958 839 1052 906 tanta,
1076 853 1170 912 quau·

9 956 89 993 am
108 943 180 1012 post
195 933 349 993 Christum
366 942 471 994 natum
488 935 632 994 mortales
650 955 711 995 uon
726 935 878 1008 viderunt,
902 953 1053 1014 quamque
1071 935 1173 1013 obtegi

5 1047 75 1095 cut
106 1036 264 1113 exstingui
286 1056 441 1116 nunquam
466 1057 557 1116 posse
576 1057 694 1096 meeum
717 1057 828 1098 censeo
847 1037 898 1096 vel
914 1056 1016 1095 omnes
1036 1037 1087 1095 vel
1105 1037 1172 1117 plu-

5 1142 119 1197 ·imos
148 1137 348 1198 iudicaturos.
391 1139 428 1196 In
456 1159 516 1218 quo
539 1147 716 1216 argomento
739 1159 813 1199 sane
834 1135 1003 1219 prac'claro,
1033 1141 1171 1218 quamvis

5 1240 216 1320 perspiciam
237 1240 313 1298 nihil
333 1259 350 1296 a
373 1259 421 1298 me
440 1250 493 1299 aut
511 1241 693 1320 exquisitius
714 1249 767 1300 aut
782 1239 969 1300 reconditius
992 1239 1053 1298 dici
1071 1261 1171 1320 posse,

5 1344 103 1422 quin
134 1349 182 1400 tot
208 1349 270 1400 tam
300 1342 491 1418 diligentium
518 1344 699 1421 scriptorum
727 1344 767 1402 sit
799 1342 949 1402 industria
976 1341 1171 1423 sollertiaque

5 1445 230 1516 exhaustum,
261 1452 363 1502 tamen
392 1463 427 1502 eo
455 1463 560 1503 versor
583 1443 744 1517 libentius,
773 1443 854 1525 quod
881 1443 957 1502 illud
985 1464 1045 1502 uon
1073 1445 1170 1504 solum

5 1543 138 1604 studiis
162 1545 253 1619 meis,
281 1565 386 1603 verum
415 1546 506 1603 etiam
524 1545 634 1603 litteris
660 1545 734 1622 ipsis
757 1555 787 1604 et
810 1546 1004 1605 institutionis
1025 1545 1169 1623 publicae

5 1647 143 1706 rationi
156 1647 430 1706 coniunctissimum
443 1666 510 1706 esse
522 1646 670 1725 intelligo,
678 1646 827 1726 vobisque
839 1647 986 1721 omnibus,
1000 1649 1051 1708 vel
1064 1649 1101 1708 iis
1117 1651 1168 1728 qui

5 1747 158 1808 Lutheri
171 1746 350 1827 disciplinae
364 1747 479 1806 addicti
488 1768 547 1806 uon
563 1757 641 1823 sunt,
658 1768 747 1826 spero
760 1747 842 1808 haud
859 1751 1008 1828 ingratum
1024 1752 1166 1812 futurum.

5 1853 141 1929 Neque
170 1851 251 1908 enim
277 1849 358 1908 hanc
384 1848 577 1908 Camerinam
604 1850 747 1924 movebo,
775 1859 809 1908 ut
835 1851 867 1909 in
897 1854 1167 1912 controversiarum

6 1972 171 2031 campum
193 1949 378 2010 descendam
407 1960 437 2008 et
465 1951 702 2032 disceptationes
726 1953 854 2012 subtiles
882 1961 913 2012 et
940 1955 1078 2033 spinosas
1102 1956 1165 2031 agi·

5 2065 102 2129 tem3
129 2051 185 2112 ssd
208 2051 365 2112 doctrinae
389 2052 553 2130 capitibus,
584 2074 663 2133 quae
684 2055 894 2132 theologorum
917 2056 1040 2134 propria
1061 2063 1092 2114 et
1112 2076 1165 2135 pe-

6 2157 159 2214 culiaria
182 2163 265 2229 sunt,
288 2155 404 2213 relictis
429 2175 465 2212 ea
493 2155 681 2232 potissimum
709 2155 840 2214 conabor
863 2164 1061 2234 pertractare,
1086 2177 1165 2236 quae
1220 2143 1222 2147 ’

6 2259 182 2316 minimam
199 2257 231 2315 in
251 2277 284 2316 se
305 2257 450 2315 invidiam
473 2256 602 2316 habent:
624 2257 722 2316 bonae
744 2265 825 2315 artes
847 2257 920 2336 quid
942 2257 982 2316 ad
1004 2258 1164 2318 ecclesiam

7 2359 218 2438 purgandam
245 2359 429 2436 profuerint,
459 2358 531 2436 quid
557 2360 689 2418 ccclesia
713 2358 874 2419 emendata
900 2359 1013 2418 artibus
1033 2361 1165 2438 praesti-

10 2464 110 2536 terit,
138 2469 240 2519 vestra
262 2461 357 2520 fretus
381 2461 539 2533 facilitate,
562 2481 653 2538 quam
674 2462 797 2539 saepius
821 2470 966 2538 expertus
989 2482 1068 2536 sum,
1090 2483 1164 2542 pau-

10 2565 61 2622 cis
89 2583 256 2643 exponam,
278 2562 316 2622 de
339 2563 448 2620 ceteris
469 2570 585 2621 tantum
608 2563 776 2636 additurus,
799 2572 945 2641 quantum
964 2563 1105 2623 sufficere
1125 2562 1164 2622 ad

11 2687 128 2725 rerum
151 2665 395 2724 aestimationem
416 2663 567 2724 videatur.

110 2767 223 2846 Itaque
244 2775 277 2825 ut
297 2767 328 2824 in
349 2769 415 2846 ipso
436 2766 562 2826 exordio
582 2767 764 2826 sententiam
779 2785 877 2824 meam
895 2765 1028 2825 breviter
1048 2768 1164 2845 perspi·

15 2890 146 2952 cneque
165 2889 284 2946 ponam,
304 2869 467 2939 auditurae,
488 2870 630 2948 necsine
648 2869 757 2928 litteris
775 2876 941 2946 praecepta
960 2870 1113 2947 evarrgclii
1131 2870 1163 2928 in

15 2973 106 3031 diem
130 2971 276 3050 proferri,
298 2992 357 3030 nec
379 2972 444 3030 sine
469 2971 670 3030 institutorum
691 2989 842 3028 sacrorum
865 2971 1051 3030 correctione
1073 2971 1162 3030 disci-

16 3074 127 3151 plinas
152 3081 295 3152 artesque
318 3074 375 3147 ita,
400 3082 434 3132 ut
455 3082 564 3151 postea
584 3073 698 3132 factum
719 3081 779 3146 est,
809 3072 910 3131 excoli
931 3074 1067 3150 potuisse
1090 3093 1160 3132 con·

17 3175 129 3235 tendo.
178 3175 257 3233 Nam
283 3175 335 3236 ubi
365 3176 468 3256 priora
493 3184 629 3254 tempora
655 3195 772 3236 mecum
797 3175 1035 3252 recognoscetis,
1062 3183 1095 3233 ut
1116 3175 1162 3234 illi

20 3279 136 3350 aetati,
162 3297 252 3355 quam
273 3299 332 3337 nec
354 3287 511 3338 contemno
534 3286 565 3338 et
586 3279 664 3336 iusto
686 3276 808 3337 medulo
830 3278 930 3336 metiri
951 3277 1023 3336 mihi
1046 3275 1162 3350 videor,

19 3399 154 3456 magnas
180 3380 307 3439 virtutes
336 3389 366 3439 et
393 3381 529 3439 homines
557 3387 618 3437 tarn
646 3386 749 3438 cetera
775 3381 900 3438 eximios
926 3399 1015 3458 quam
1045 3380 1162 3456 pietate

22 3482 153 3558 egregia
170 3481 304 3558 insignes
319 3502 379 3558 uon
396 3480 530 3540 defuisse
549 3502 609 3539 non
628 3480 795 3557 negabitis,
819 3482 862 3539 ita
879 3481 1028 3540 ecclesiae
1045 3481 1160 3540 ruinam

22 3591 54 3637 ct
78 3583 287 3642 calamitatem
313 3583 398 3642 nulla
422 3602 455 3641 rc
483 3583 579 3660 magis
605 3601 671 3641 esse
699 3581 860 3640 adductam
888 3603 977 3662 quam
999 3584 1161 3660 ingruente

22 3703 124 3742 rerum
149 3685 325 3762 optimarum
348 3685 538 3761 ignoratione
566 3703 602 3743 ac
629 3683 771 3743 barbarie
797 3684 988 3744 concedetis:
1016 3705 1106 3764 quum
1130 3686 1160 3759 ii,

24 3787 75 3862 qui
97 3785 280 3844 eruditionis
306 3807 345 3845 cx
373 3787 553 3865 antiquitate
581 3783 712 3844 traditae
739 3793 869 3844 statores
898 3805 966 3846 esse
988 3795 1019 3844 et
1041 3807 1160 3845 conser-

24 3895 149 3945 vatores
164 3885 332 3960 debebant,
357 3889 508 3947 antistites
524 3887 772 3946 caerimoniarum
792 3896 823 3946 ct
838 3887 1023 3963 sacerdotes,
1045 3890 1077 3947 in
1093 3897 1158 3948 tan·

24 3994 83 4046 tam
108 3988 341 4068 prolaberentur
358 3989 527 4060 inscitiam,
550 3996 707 4067 utaequa
730 3987 770 4048 ds
792 3987 982 4050 divinis'nec
999 3991 1037 4050 de
1055 3992 1159 4050 huma-

25 4089 69 4146 nis
92 4089 188 4148 rebus
212 4090 355 4148 iudicium
378 4091 415 4148 iis
443 4089 537 4148 ullum
567 4098 732 4164 constaret,
762 4099 796 4149 ut
820 4112 988 4151 sermonem
1016 4094 1159 4153 Latinum

27 4191 126 4250 multis
155 4193 286 4270 patrium
309 4191 469 4270 paullatim
498 4190 705 4266 dediscerent,
733 4193 870 4252 nonnulli
895 4213 968 4252 vero
994 4214 1034 4252 ne
1062 4197 1159 4273 prima

27 4293 147 4366 quidem
171 4295 351 4368 litteratura,
374 4313 464 4374 quam
486 4294 573 4372 pueri
593 4314 744 4353 sexennes
765 4295 892 4367 callent,
917 4275 1020 4355 essent
1041 4295 1155 4367 imbuti,

28 4411 78 4451 nec
98 4395 244 4454 formulas
263 4415 441 4474 precesque,
460 4415 537 4473 quas
551 4397 725 4469 recitarent,
745 4396 967 4473 intelligerent:
991 4396 1074 4455 haud
1092 4398 1157 4456 sine
