<?xml version="1.0" encoding="UTF-8"?>
<!DOCTYPE html PUBLIC "-//W3C//DTD XHTML 1.0 Transitional//EN"
    "http://www.w3.org/TR/xhtml1/DTD/xhtml1-transitional.dtd">
<html xmlns="http://www.w3.org/1999/xhtml" xml:lang="en" lang="en">
 <head>
  <title>
</title>
<meta http-equiv="Content-Type" content="text/html;charset=utf-8" />
  <meta name='ocr-system' content='tesseract 3.04.00' />
  <meta name='ocr-capabilities' content='ocr_page ocr_carea ocr_par ocr_line ocrx_word'/>
</head>
<body>
  <div class='ocr_page' id='page_1' title='image "augustboeckhsge06bratgoog_0056.png"; bbox 0 0 2800 4976; ppageno 0'>
   <div class='ocr_carea' id='block_1_1' title="bbox 697 242 904 341">
    <p class='ocr_par' dir='ltr' id='par_1_1' title="bbox 697 242 904 341">
     <span class='ocr_line' id='line_1_1' title="bbox 697 242 904 341; baseline 0.01 -3"><span class='ocrx_word' id='word_1_1' title='bbox 697 242 904 341; x_wconf 49' lang='lat' dir='ltr'><strong>A..</strong></span> 
     </span>
    </p>
   </div>
   <div class='ocr_carea' id='block_1_2' title="bbox 148 428 1380 4386">
    <p class='ocr_par' dir='ltr' id='par_1_2' title="bbox 148 428 1380 4386">
     <span class='ocr_line' id='line_1_2' title="bbox 234 428 1372 516; baseline 0.009 -28"><span class='ocrx_word' id='word_1_2' title='bbox 234 428 322 504; x_wconf 91' lang='lat' dir='ltr'><strong>dicit,</strong></span> <span class='ocrx_word' id='word_1_3' title='bbox 350 429 519 490; x_wconf 87' lang='lat' dir='ltr'><strong>divinarum</strong></span> <span class='ocrx_word' id='word_1_4' title='bbox 549 430 641 500; x_wconf 88' lang='lat' dir='ltr'><strong>etiam</strong></span> <span class='ocrx_word' id='word_1_5' title='bbox 666 451 765 492; x_wconf 89' lang='lat' dir='ltr'><strong>rerum</strong></span> <span class='ocrx_word' id='word_1_6' title='bbox 791 434 1036 515; x_wconf 78' lang='lat' dir='ltr'><strong>litterarumque,</strong></span> <span class='ocrx_word' id='word_1_7' title='bbox 1059 435 1170 516; x_wconf 90' lang='lat' dir='ltr'><strong>quibus</strong></span> <span class='ocrx_word' id='word_1_8' title='bbox 1196 439 1297 498; x_wconf 89' lang='lat' dir='ltr'><strong>Deus</strong></span> <span class='ocrx_word' id='word_1_9' title='bbox 1322 439 1372 498; x_wconf 91' lang='lat' dir='ltr'><strong>reli·</strong></span> 
     </span>
     <span class='ocr_line' id='line_1_3' title="bbox 234 521 1374 617; baseline 0.007 -27"><span class='ocrx_word' id='word_1_10' title='bbox 234 532 334 608; x_wconf 90' lang='lat' dir='ltr'><strong>gionis</strong></span> <span class='ocrx_word' id='word_1_11' title='bbox 354 551 448 591; x_wconf 86' lang='lat' dir='ltr'><strong>verae</strong></span> <span class='ocrx_word' id='word_1_12' title='bbox 464 529 632 592; x_wconf 84' lang='lat' dir='ltr'><strong>doctrinam</strong></span> <span class='ocrx_word' id='word_1_13' title='bbox 648 521 763 594; x_wconf 91' lang='lat' dir='ltr'><strong>includi</strong></span> <span class='ocrx_word' id='word_1_14' title='bbox 782 535 929 609; x_wconf 88' lang='lat' dir='ltr'><strong>voluerit,</strong></span> <span class='ocrx_word' id='word_1_15' title='bbox 953 556 1055 596; x_wconf 88' lang='lat' dir='ltr'><strong>curam</strong></span> <span class='ocrx_word' id='word_1_16' title='bbox 1077 539 1304 617; x_wconf 83' lang='lat' dir='ltr'><strong>complexum:</strong></span> <span class='ocrx_word' id='word_1_17' title='bbox 1327 563 1374 599; x_wconf 90' lang='lat' dir='ltr'><strong>cun</strong></span> 
     </span>
     <span class='ocr_line' id='line_1_4' title="bbox 234 632 1380 719; baseline 0.007 -27"><span class='ocrx_word' id='word_1_18' title='bbox 234 632 331 693; x_wconf 87' lang='lat' dir='ltr'><strong>doctis</strong></span> <span class='ocrx_word' id='word_1_19' title='bbox 355 634 477 714; x_wconf 80' lang='lat' dir='ltr'>piisque</span> <span class='ocrx_word' id='word_1_20' title='bbox 505 635 579 694; x_wconf 89' lang='lat' dir='ltr'><strong>viris</strong></span> <span class='ocrx_word' id='word_1_21' title='bbox 607 637 761 714; x_wconf 87' lang='lat' dir='ltr'><strong>pensitata</strong></span> <span class='ocrx_word' id='word_1_22' title='bbox 789 657 822 696; x_wconf 88' lang='lat' dir='ltr'><strong>re</strong></span> <span class='ocrx_word' id='word_1_23' title='bbox 853 637 993 698; x_wconf 89' lang='lat' dir='ltr'><strong>ecclesiis</strong></span> <span class='ocrx_word' id='word_1_24' title='bbox 1021 639 1218 719; x_wconf 82' lang='lat' dir='ltr'><strong>praefecisse</strong></span> <span class='ocrx_word' id='word_1_25' title='bbox 1253 643 1380 714; x_wconf 71' lang='lat' dir='ltr'><strong>homines,</strong></span> 
     </span>
     <span class='ocr_line' id='line_1_5' title="bbox 236 735 1374 821; baseline 0.006 -28"><span class='ocrx_word' id='word_1_26' title='bbox 236 735 411 813; x_wconf 82' lang='lat' dir='ltr'><strong>cognitione</strong></span> <span class='ocrx_word' id='word_1_27' title='bbox 435 736 590 814; x_wconf 88' lang='lat' dir='ltr'><strong>evangelii</strong></span> <span class='ocrx_word' id='word_1_28' title='bbox 612 737 692 796; x_wconf 91' lang='lat' dir='ltr'><strong>bene</strong></span> <span class='ocrx_word' id='word_1_29' title='bbox 722 738 884 799; x_wconf 87' lang='lat' dir='ltr'><strong>instructos</strong></span> <span class='ocrx_word' id='word_1_30' title='bbox 906 740 1099 819; x_wconf 89' lang='lat' dir='ltr'><strong>moribusque</strong></span> <span class='ocrx_word' id='word_1_31' title='bbox 1126 743 1241 819; x_wconf 85' lang='lat' dir='ltr'><strong>probis</strong></span> <span class='ocrx_word' id='word_1_32' title='bbox 1271 744 1374 821; x_wconf 84' lang='lat' dir='ltr'><strong>praedi·</strong></span> 
     </span>
     <span class='ocr_line' id='line_1_6' title="bbox 237 837 1380 932; baseline 0.003 -34"><span class='ocrx_word' id='word_1_33' title='bbox 237 847 298 899; x_wconf 84' lang='lat' dir='ltr'><strong>tos:</strong></span> <span class='ocrx_word' id='word_1_34' title='bbox 324 847 356 898; x_wconf 90' lang='lat' dir='ltr'><strong>et</strong></span> <span class='ocrx_word' id='word_1_35' title='bbox 376 837 456 918; x_wconf 92' lang='lat' dir='ltr'><strong>quod</strong></span> <span class='ocrx_word' id='word_1_36' title='bbox 474 841 637 918; x_wconf 85' lang='lat' dir='ltr'><strong>posteritas</strong></span> <span class='ocrx_word' id='word_1_37' title='bbox 653 838 768 900; x_wconf 90' lang='lat' dir='ltr'><strong>habere</strong></span> <span class='ocrx_word' id='word_1_38' title='bbox 784 840 925 900; x_wconf 89' lang='lat' dir='ltr'><strong>doctores</strong></span> <span class='ocrx_word' id='word_1_39' title='bbox 944 842 1102 920; x_wconf 90' lang='lat' dir='ltr'><strong>religionis</strong></span> <span class='ocrx_word' id='word_1_40' title='bbox 1120 865 1184 904; x_wconf 89' lang='lat' dir='ltr'><strong>non</strong></span> <span class='ocrx_word' id='word_1_41' title='bbox 1204 847 1321 924; x_wconf 83' lang='lat' dir='ltr'><strong>possit,</strong></span> <span class='ocrx_word' id='word_1_42' title='bbox 1335 847 1380 932; x_wconf 60' lang='lat' dir='ltr'><strong>nisit</strong></span> 
     </span>
     <span class='ocr_line' id='line_1_7' title="bbox 236 935 1380 1027; baseline 0.004 -28"><span class='ocrx_word' id='word_1_43' title='bbox 236 941 358 1000; x_wconf 87' lang='lat' dir='ltr'><strong>litterae</strong></span> <span class='ocrx_word' id='word_1_44' title='bbox 379 941 531 1012; x_wconf 77' lang='lat' dir='ltr'><strong>colantur,</strong></span> <span class='ocrx_word' id='word_1_45' title='bbox 553 961 610 1000; x_wconf 89' lang='lat' dir='ltr'><strong>nec</strong></span> <span class='ocrx_word' id='word_1_46' title='bbox 629 942 695 1000; x_wconf 90' lang='lat' dir='ltr'><strong>sine</strong></span> <span class='ocrx_word' id='word_1_47' title='bbox 718 941 765 1002; x_wconf 89' lang='lat' dir='ltr'><strong>his</strong></span> <span class='ocrx_word' id='word_1_48' title='bbox 789 943 854 1001; x_wconf 87' lang='lat' dir='ltr'><strong>iura</strong></span> <span class='ocrx_word' id='word_1_49' title='bbox 871 951 902 1003; x_wconf 89' lang='lat' dir='ltr'><strong>et</strong></span> <span class='ocrx_word' id='word_1_50' title='bbox 919 943 1020 1002; x_wconf 87' lang='lat' dir='ltr'><strong>officia</strong></span> <span class='ocrx_word' id='word_1_51' title='bbox 1041 944 1145 1004; x_wconf 91' lang='lat' dir='ltr'><strong>civilia</strong></span> <span class='ocrx_word' id='word_1_52' title='bbox 1164 946 1327 1027; x_wconf 80' lang='lat' dir='ltr'><strong>pleraque</strong></span> <span class='ocrx_word' id='word_1_53' title='bbox 1344 935 1380 1004; x_wconf 58' lang='lat' dir='ltr'><strong>rel</strong></span> 
     </span>
     <span class='ocr_line' id='line_1_8' title="bbox 234 1042 1380 1126; baseline 0.003 -25"><span class='ocrx_word' id='word_1_54' title='bbox 234 1043 325 1102; x_wconf 89' lang='lat' dir='ltr'><strong>tineri</strong></span> <span class='ocrx_word' id='word_1_55' title='bbox 351 1051 482 1123; x_wconf 88' lang='lat' dir='ltr'><strong>queant,</strong></span> <span class='ocrx_word' id='word_1_56' title='bbox 510 1043 542 1100; x_wconf 89' lang='lat' dir='ltr'><strong>in</strong></span> <span class='ocrx_word' id='word_1_57' title='bbox 571 1042 690 1122; x_wconf 91' lang='lat' dir='ltr'><strong>oppidis</strong></span> <span class='ocrx_word' id='word_1_58' title='bbox 719 1045 833 1122; x_wconf 85' lang='lat' dir='ltr'><strong>passim</strong></span> <span class='ocrx_word' id='word_1_59' title='bbox 861 1045 981 1104; x_wconf 82' lang='lat' dir='ltr'><strong>soboles</strong></span> <span class='ocrx_word' id='word_1_60' title='bbox 1002 1045 1150 1124; x_wconf 76' lang='lat' dir='ltr'><strong>puerileS,</strong></span> <span class='ocrx_word' id='word_1_61' title='bbox 1180 1048 1243 1107; x_wconf 92' lang='lat' dir='ltr'><strong>ubi</strong></span> <span class='ocrx_word' id='word_1_62' title='bbox 1269 1043 1380 1126; x_wconf 81' lang='lat' dir='ltr'><strong>linguarl</strong></span> 
     </span>
     <span class='ocr_line' id='line_1_9' title="bbox 229 1131 1380 1222; baseline 0.002 -20"><span class='ocrx_word' id='word_1_63' title='bbox 229 1145 360 1204; x_wconf 88' lang='lat' dir='ltr'><strong>Latinae</strong></span> <span class='ocrx_word' id='word_1_64' title='bbox 382 1155 412 1205; x_wconf 91' lang='lat' dir='ltr'><strong>et</strong></span> <span class='ocrx_word' id='word_1_65' title='bbox 430 1145 502 1206; x_wconf 87' lang='lat' dir='ltr'><strong>fidei</strong></span> <span class='ocrx_word' id='word_1_66' title='bbox 543 1142 733 1205; x_wconf 81' lang='lat' dir='ltr'><strong>Christianae</strong></span> <span class='ocrx_word' id='word_1_67' title='bbox 755 1146 907 1206; x_wconf 88' lang='lat' dir='ltr'><strong>elementa</strong></span> <span class='ocrx_word' id='word_1_68' title='bbox 928 1147 1134 1221; x_wconf 84' lang='lat' dir='ltr'><strong>traderentur,</strong></span> <span class='ocrx_word' id='word_1_69' title='bbox 1159 1149 1300 1209; x_wconf 90' lang='lat' dir='ltr'><strong>tandem</strong></span> <span class='ocrx_word' id='word_1_70' title='bbox 1322 1131 1380 1222; x_wconf 73' lang='lat' dir='ltr'><strong>vcnl</strong></span> 
     </span>
     <span class='ocr_line' id='line_1_10' title="bbox 235 1247 1380 1329; baseline -0.001 -23"><span class='ocrx_word' id='word_1_71' title='bbox 235 1247 436 1326; x_wconf 88' lang='lat' dir='ltr'><strong>Regiomonte</strong></span> <span class='ocrx_word' id='word_1_72' title='bbox 466 1247 654 1307; x_wconf 82' lang='lat' dir='ltr'><strong>academiam</strong></span> <span class='ocrx_word' id='word_1_73' title='bbox 681 1248 887 1322; x_wconf 89' lang='lat' dir='ltr'><strong>constituisse,</strong></span> <span class='ocrx_word' id='word_1_74' title='bbox 914 1249 946 1308; x_wconf 89' lang='lat' dir='ltr'><strong>in</strong></span> <span class='ocrx_word' id='word_1_75' title='bbox 974 1269 1034 1329; x_wconf 89' lang='lat' dir='ltr'><strong>qua</strong></span> <span class='ocrx_word' id='word_1_76' title='bbox 1059 1259 1090 1309; x_wconf 88' lang='lat' dir='ltr'><strong>et</strong></span> <span class='ocrx_word' id='word_1_77' title='bbox 1121 1259 1207 1310; x_wconf 88' lang='lat' dir='ltr'><strong>artes</strong></span> <span class='ocrx_word' id='word_1_78' title='bbox 1239 1251 1380 1311; x_wconf 62' lang='lat' dir='ltr'><strong>honestae}</strong></span> 
     </span>
     <span class='ocr_line' id='line_1_11' title="bbox 233 1347 1380 1434; baseline -0.001 -24"><span class='ocrx_word' id='word_1_79' title='bbox 233 1371 337 1410; x_wconf 89' lang='lat' dir='ltr'><strong>omnes</strong></span> <span class='ocrx_word' id='word_1_80' title='bbox 352 1349 459 1410; x_wconf 91' lang='lat' dir='ltr'><strong>ordino</strong></span> <span class='ocrx_word' id='word_1_81' title='bbox 475 1359 505 1408; x_wconf 89' lang='lat' dir='ltr'><strong>et</strong></span> <span class='ocrx_word' id='word_1_82' title='bbox 524 1351 642 1427; x_wconf 83' lang='lat' dir='ltr'><strong>integre</strong></span> <span class='ocrx_word' id='word_1_83' title='bbox 662 1350 904 1430; x_wconf 82' lang='lat' dir='ltr'><strong>explicarentur,</strong></span> <span class='ocrx_word' id='word_1_84' title='bbox 932 1360 963 1410; x_wconf 91' lang='lat' dir='ltr'><strong>et</strong></span> <span class='ocrx_word' id='word_1_85' title='bbox 977 1350 1114 1429; x_wconf 84' lang='lat' dir='ltr'><strong>linguae,</strong></span> <span class='ocrx_word' id='word_1_86' title='bbox 1132 1371 1270 1431; x_wconf 90' lang='lat' dir='ltr'><strong>quarum</strong></span> <span class='ocrx_word' id='word_1_87' title='bbox 1290 1347 1380 1434; x_wconf 60' lang='lat' dir='ltr'><strong>cogni-l</strong></span> 
     </span>
     <span class='ocr_line' id='line_1_12' title="bbox 236 1445 1380 1534; baseline 0.001 -24"><span class='ocrx_word' id='word_1_88' title='bbox 236 1453 278 1510; x_wconf 92' lang='lat' dir='ltr'><strong>tio</strong></span> <span class='ocrx_word' id='word_1_89' title='bbox 300 1451 451 1512; x_wconf 89' lang='lat' dir='ltr'><strong>ecclesiae</strong></span> <span class='ocrx_word' id='word_1_90' title='bbox 472 1454 660 1527; x_wconf 88' lang='lat' dir='ltr'><strong>necessaria,</strong></span> <span class='ocrx_word' id='word_1_91' title='bbox 682 1452 881 1513; x_wconf 88' lang='lat' dir='ltr'><strong>discerentur.</strong></span> <span class='ocrx_word' id='word_1_92' title='bbox 926 1454 1005 1512; x_wconf 87' lang='lat' dir='ltr'><strong>Fore</strong></span> <span class='ocrx_word' id='word_1_93' title='bbox 1024 1453 1149 1528; x_wconf 88' lang='lat' dir='ltr'><strong>multos,</strong></span> <span class='ocrx_word' id='word_1_94' title='bbox 1173 1457 1230 1534; x_wconf 91' lang='lat' dir='ltr'><strong>qui</strong></span> <span class='ocrx_word' id='word_1_95' title='bbox 1255 1475 1323 1514; x_wconf 88' lang='lat' dir='ltr'><strong>rem</strong></span> <span class='ocrx_word' id='word_1_96' title='bbox 1343 1445 1380 1512; x_wconf 73' lang='lat' dir='ltr'><strong>dil</strong></span> 
     </span>
     <span class='ocr_line' id='line_1_13' title="bbox 236 1553 1380 1634; baseline -0.003 -20"><span class='ocrx_word' id='word_1_97' title='bbox 236 1554 338 1614; x_wconf 86' lang='lat' dir='ltr'><strong>vinam</strong></span> <span class='ocrx_word' id='word_1_98' title='bbox 368 1553 478 1614; x_wconf 88' lang='lat' dir='ltr'><strong>leviter</strong></span> <span class='ocrx_word' id='word_1_99' title='bbox 508 1564 665 1629; x_wconf 87' lang='lat' dir='ltr'><strong>curantes,</strong></span> <span class='ocrx_word' id='word_1_100' title='bbox 694 1555 746 1614; x_wconf 88' lang='lat' dir='ltr'><strong>vel</strong></span> <span class='ocrx_word' id='word_1_101' title='bbox 774 1555 902 1634; x_wconf 88' lang='lat' dir='ltr'><strong>imperia</strong></span> <span class='ocrx_word' id='word_1_102' title='bbox 928 1563 1044 1614; x_wconf 88' lang='lat' dir='ltr'><strong>tantum</strong></span> <span class='ocrx_word' id='word_1_103' title='bbox 1072 1556 1104 1614; x_wconf 87' lang='lat' dir='ltr'><strong>vi</strong></span> <span class='ocrx_word' id='word_1_104' title='bbox 1130 1564 1160 1615; x_wconf 90' lang='lat' dir='ltr'><strong>et</strong></span> <span class='ocrx_word' id='word_1_105' title='bbox 1186 1558 1301 1628; x_wconf 89' lang='lat' dir='ltr'><strong>armis,</strong></span> <span class='ocrx_word' id='word_1_106' title='bbox 1329 1576 1380 1614; x_wconf 91' lang='lat' dir='ltr'><strong>non</strong></span> 
     </span>
     <span class='ocr_line' id='line_1_14' title="bbox 236 1656 1380 1738; baseline -0.001 -23"><span class='ocrx_word' id='word_1_107' title='bbox 236 1657 385 1734; x_wconf 88' lang='lat' dir='ltr'><strong>religione</strong></span> <span class='ocrx_word' id='word_1_108' title='bbox 409 1656 591 1738; x_wconf 87' lang='lat' dir='ltr'><strong>legibusque</strong></span> <span class='ocrx_word' id='word_1_109' title='bbox 615 1667 647 1717; x_wconf 91' lang='lat' dir='ltr'><strong>et</strong></span> <span class='ocrx_word' id='word_1_110' title='bbox 672 1657 834 1736; x_wconf 91' lang='lat' dir='ltr'><strong>disciplina</strong></span> <span class='ocrx_word' id='word_1_111' title='bbox 855 1656 991 1733; x_wconf 89' lang='lat' dir='ltr'><strong>regenda</strong></span> <span class='ocrx_word' id='word_1_112' title='bbox 1011 1657 1195 1718; x_wconf 89' lang='lat' dir='ltr'><strong>arbitrantes</strong></span> <span class='ocrx_word' id='word_1_113' title='bbox 1221 1657 1380 1717; x_wconf 64' lang='lat' dir='ltr'><strong>consilium}</strong></span> 
     </span>
     <span class='ocr_line' id='line_1_15' title="bbox 236 1758 1380 1839; baseline -0.003 -21"><span class='ocrx_word' id='word_1_114' title='bbox 236 1779 322 1818; x_wconf 86' lang='lat' dir='ltr'><strong>suurn</strong></span> <span class='ocrx_word' id='word_1_115' title='bbox 344 1758 587 1839; x_wconf 89' lang='lat' dir='ltr'><strong>reprehendant:</strong></span> <span class='ocrx_word' id='word_1_116' title='bbox 610 1759 668 1818; x_wconf 91' lang='lat' dir='ltr'><strong>sibi</strong></span> <span class='ocrx_word' id='word_1_117' title='bbox 687 1767 789 1818; x_wconf 90' lang='lat' dir='ltr'><strong>tamen</strong></span> <span class='ocrx_word' id='word_1_118' title='bbox 810 1759 938 1818; x_wconf 88' lang='lat' dir='ltr'><strong>instituti</strong></span> <span class='ocrx_word' id='word_1_119' title='bbox 958 1759 1107 1818; x_wconf 90' lang='lat' dir='ltr'><strong>rationem</strong></span> <span class='ocrx_word' id='word_1_120' title='bbox 1122 1760 1293 1838; x_wconf 88' lang='lat' dir='ltr'><strong>praeclare</strong></span> <span class='ocrx_word' id='word_1_121' title='bbox 1318 1778 1380 1826; x_wconf 71' lang='lat' dir='ltr'><strong>con-3</strong></span> 
     </span>
     <span class='ocr_line' id='line_1_16' title="bbox 235 1859 1380 1941; baseline -0.001 -20"><span class='ocrx_word' id='word_1_122' title='bbox 235 1869 334 1936; x_wconf 88' lang='lat' dir='ltr'><strong>stare,</strong></span> <span class='ocrx_word' id='word_1_123' title='bbox 358 1862 409 1940; x_wconf 90' lang='lat' dir='ltr'><strong>qui</strong></span> <span class='ocrx_word' id='word_1_124' title='bbox 429 1862 555 1938; x_wconf 89' lang='lat' dir='ltr'><strong>primam</strong></span> <span class='ocrx_word' id='word_1_125' title='bbox 578 1863 708 1922; x_wconf 85' lang='lat' dir='ltr'><strong>omnium</strong></span> <span class='ocrx_word' id='word_1_126' title='bbox 728 1863 759 1921; x_wconf 93' lang='lat' dir='ltr'><strong>in</strong></span> <span class='ocrx_word' id='word_1_127' title='bbox 784 1880 817 1920; x_wconf 92' lang='lat' dir='ltr'><strong>re</strong></span> <span class='ocrx_word' id='word_1_128' title='bbox 838 1859 962 1940; x_wconf 90' lang='lat' dir='ltr'><strong>publica</strong></span> <span class='ocrx_word' id='word_1_129' title='bbox 984 1860 1184 1938; x_wconf 87' lang='lat' dir='ltr'><strong>gubernanda</strong></span> <span class='ocrx_word' id='word_1_130' title='bbox 1205 1863 1380 1941; x_wconf 87' lang='lat' dir='ltr'><strong>principun</strong></span> 
     </span>
     <span class='ocr_line' id='line_1_17' title="bbox 235 1962 1373 2043; baseline -0.004 -20"><span class='ocrx_word' id='word_1_131' title='bbox 235 1983 337 2023; x_wconf 90' lang='lat' dir='ltr'><strong>curam</strong></span> <span class='ocrx_word' id='word_1_132' title='bbox 361 1983 429 2022; x_wconf 90' lang='lat' dir='ltr'><strong>esse</strong></span> <span class='ocrx_word' id='word_1_133' title='bbox 453 1962 565 2022; x_wconf 90' lang='lat' dir='ltr'><strong>dehere</strong></span> <span class='ocrx_word' id='word_1_134' title='bbox 587 1964 680 2039; x_wconf 89' lang='lat' dir='ltr'><strong>sciat,</strong></span> <span class='ocrx_word' id='word_1_135' title='bbox 700 1973 733 2024; x_wconf 89' lang='lat' dir='ltr'><strong>ut</strong></span> <span class='ocrx_word' id='word_1_136' title='bbox 754 1962 961 2041; x_wconf 89' lang='lat' dir='ltr'><strong>cognitioDei</strong></span> <span class='ocrx_word' id='word_1_137' title='bbox 982 1972 1067 2022; x_wconf 87' lang='lat' dir='ltr'><strong>recta</strong></span> <span class='ocrx_word' id='word_1_138' title='bbox 1089 1963 1151 2023; x_wconf 90' lang='lat' dir='ltr'><strong>late</strong></span> <span class='ocrx_word' id='word_1_139' title='bbox 1172 1972 1373 2043; x_wconf 73' lang='lat' dir='ltr'><strong>propagetur,</strong></span> 
     </span>
     <span class='ocr_line' id='line_1_18' title="bbox 235 2063 1380 2145; baseline -0.003 -20"><span class='ocrx_word' id='word_1_140' title='bbox 235 2075 267 2126; x_wconf 90' lang='lat' dir='ltr'><strong>et</strong></span> <span class='ocrx_word' id='word_1_141' title='bbox 288 2065 449 2142; x_wconf 89' lang='lat' dir='ltr'><strong>subiectis,</strong></span> <span class='ocrx_word' id='word_1_142' title='bbox 479 2085 605 2145; x_wconf 89' lang='lat' dir='ltr'><strong>quorum</strong></span> <span class='ocrx_word' id='word_1_143' title='bbox 632 2066 756 2145; x_wconf 86' lang='lat' dir='ltr'><strong>egregia</strong></span> <span class='ocrx_word' id='word_1_144' title='bbox 784 2065 815 2123; x_wconf 92' lang='lat' dir='ltr'><strong>in</strong></span> <span class='ocrx_word' id='word_1_145' title='bbox 840 2063 985 2142; x_wconf 90' lang='lat' dir='ltr'><strong>periculis</strong></span> <span class='ocrx_word' id='word_1_146' title='bbox 1013 2065 1227 2144; x_wconf 84' lang='lat' dir='ltr'><strong>ipsiusvirtus</strong></span> <span class='ocrx_word' id='word_1_147' title='bbox 1251 2076 1285 2126; x_wconf 90' lang='lat' dir='ltr'><strong>et</strong></span> <span class='ocrx_word' id='word_1_148' title='bbox 1307 2064 1380 2124; x_wconf 86' lang='lat' dir='ltr'><strong>fides</strong></span> 
     </span>
     <span class='ocr_line' id='line_1_19' title="bbox 235 2167 1371 2248; baseline -0.004 -22"><span class='ocrx_word' id='word_1_149' title='bbox 235 2169 342 2243; x_wconf 87' lang='lat' dir='ltr'><strong>fuerit,</strong></span> <span class='ocrx_word' id='word_1_150' title='bbox 357 2169 437 2227; x_wconf 91' lang='lat' dir='ltr'><strong>hanc</strong></span> <span class='ocrx_word' id='word_1_151' title='bbox 451 2169 579 2246; x_wconf 84' lang='lat' dir='ltr'><strong>gratiam</strong></span> <span class='ocrx_word' id='word_1_152' title='bbox 600 2167 792 2228; x_wconf 88' lang='lat' dir='ltr'><strong>referendam</strong></span> <span class='ocrx_word' id='word_1_153' title='bbox 813 2167 922 2241; x_wconf 89' lang='lat' dir='ltr'><strong>fuisse,</strong></span> <span class='ocrx_word' id='word_1_154' title='bbox 946 2175 979 2226; x_wconf 90' lang='lat' dir='ltr'><strong>ut</strong></span> <span class='ocrx_word' id='word_1_155' title='bbox 993 2168 1121 2247; x_wconf 89' lang='lat' dir='ltr'><strong>patriam</strong></span> <span class='ocrx_word' id='word_1_156' title='bbox 1136 2187 1261 2243; x_wconf 89' lang='lat' dir='ltr'><strong>eorum,</strong></span> <span class='ocrx_word' id='word_1_157' title='bbox 1287 2187 1371 2248; x_wconf 89' lang='lat' dir='ltr'><strong>quan-</strong></span> 
     </span>
     <span class='ocr_line' id='line_1_20' title="bbox 233 2253 1380 2350; baseline -0.007 -20"><span class='ocrx_word' id='word_1_158' title='bbox 233 2279 296 2330; x_wconf 88' lang='lat' dir='ltr'><strong>turn</strong></span> <span class='ocrx_word' id='word_1_159' title='bbox 318 2279 435 2350; x_wconf 87' lang='lat' dir='ltr'><strong>posset,</strong></span> <span class='ocrx_word' id='word_1_160' title='bbox 460 2270 546 2330; x_wconf 92' lang='lat' dir='ltr'><strong>bonis</strong></span> <span class='ocrx_word' id='word_1_161' title='bbox 565 2272 706 2348; x_wconf 89' lang='lat' dir='ltr'><strong>genuinis</strong></span> <span class='ocrx_word' id='word_1_162' title='bbox 723 2277 854 2328; x_wconf 88' lang='lat' dir='ltr'><strong>ornaret.</strong></span> <span class='ocrx_word' id='word_1_163' title='bbox 886 2269 954 2343; x_wconf 87' lang='lat' dir='ltr'><strong>„Sit</strong></span> <span class='ocrx_word' id='word_1_164' title='bbox 968 2289 1078 2348; x_wconf 85' lang='lat' dir='ltr'><strong>magna</strong></span> <span class='ocrx_word' id='word_1_165' title='bbox 1101 2270 1167 2328; x_wconf 86' lang='lat' dir='ltr'><strong>laus</strong></span> <span class='ocrx_word' id='word_1_166' title='bbox 1184 2253 1380 2331; x_wconf 50' lang='lat' dir='ltr'><strong>Athenarum}</strong></span> 
     </span>
     <span class='ocr_line' id='line_1_21' title="bbox 234 2370 1380 2466; baseline -0.005 -34"><span class='ocrx_word' id='word_1_167' title='bbox 234 2383 265 2432; x_wconf 90' lang='lat' dir='ltr'><strong>et</strong></span> <span class='ocrx_word' id='word_1_168' title='bbox 285 2373 431 2452; x_wconf 80' lang='lat' dir='ltr'><strong>Spartae,</strong></span> <span class='ocrx_word' id='word_1_169' title='bbox 456 2373 568 2453; x_wconf 80' lang='lat' dir='ltr'><strong>inquit,</strong></span> <span class='ocrx_word' id='word_1_170' title='bbox 594 2371 676 2451; x_wconf 92' lang='lat' dir='ltr'><strong>quod</strong></span> <span class='ocrx_word' id='word_1_171' title='bbox 699 2371 841 2430; x_wconf 88' lang='lat' dir='ltr'><strong>honestas</strong></span> <span class='ocrx_word' id='word_1_172' title='bbox 864 2371 950 2448; x_wconf 88' lang='lat' dir='ltr'><strong>leges</strong></span> <span class='ocrx_word' id='word_1_173' title='bbox 971 2370 1148 2432; x_wconf 87' lang='lat' dir='ltr'><strong>habuerint:</strong></span> <span class='ocrx_word' id='word_1_174' title='bbox 1173 2380 1283 2433; x_wconf 89' lang='lat' dir='ltr'><strong>tamen</strong></span> <span class='ocrx_word' id='word_1_175' title='bbox 1306 2373 1380 2466; x_wconf 30' lang='lat' dir='ltr'><strong>baec,</strong></span> 
     </span>
     <span class='ocr_line' id='line_1_22' title="bbox 233 2467 1380 2553; baseline -0.005 -19"><span class='ocrx_word' id='word_1_176' title='bbox 233 2467 401 2535; x_wconf 70' lang='lat' dir='ltr'><strong>maior&#39;est</strong></span> <span class='ocrx_word' id='word_1_177' title='bbox 430 2484 460 2536; x_wconf 89' lang='lat' dir='ltr'><strong>et</strong></span> <span class='ocrx_word' id='word_1_178' title='bbox 489 2476 584 2534; x_wconf 86' lang='lat' dir='ltr'><strong>servit</strong></span> <span class='ocrx_word' id='word_1_179' title='bbox 608 2475 689 2533; x_wconf 87' lang='lat' dir='ltr'><strong>vitae</strong></span> <span class='ocrx_word' id='word_1_180' title='bbox 719 2483 879 2548; x_wconf 86' lang='lat' dir='ltr'><strong>aeternae,</strong></span> <span class='ocrx_word' id='word_1_181' title='bbox 907 2471 987 2553; x_wconf 89' lang='lat' dir='ltr'><strong>quod</strong></span> <span class='ocrx_word' id='word_1_182' title='bbox 1018 2473 1048 2532; x_wconf 93' lang='lat' dir='ltr'><strong>in</strong></span> <span class='ocrx_word' id='word_1_183' title='bbox 1071 2473 1129 2532; x_wconf 89' lang='lat' dir='ltr'><strong>hac</strong></span> <span class='ocrx_word' id='word_1_184' title='bbox 1150 2475 1284 2551; x_wconf 84' lang='lat' dir='ltr'><strong>regione</strong></span> <span class='ocrx_word' id='word_1_185' title='bbox 1308 2469 1380 2533; x_wconf 63' lang='lat' dir='ltr'><strong>veru}</strong></span> 
     </span>
     <span class='ocr_line' id='line_1_23' title="bbox 233 2574 1380 2656; baseline -0.003 -20"><span class='ocrx_word' id='word_1_186' title='bbox 233 2577 272 2636; x_wconf 90' lang='lat' dir='ltr'><strong>de</strong></span> <span class='ocrx_word' id='word_1_187' title='bbox 292 2578 361 2637; x_wconf 91' lang='lat' dir='ltr'><strong>Deo</strong></span> <span class='ocrx_word' id='word_1_188' title='bbox 383 2578 491 2637; x_wconf 89' lang='lat' dir='ltr'><strong>notitia</strong></span> <span class='ocrx_word' id='word_1_189' title='bbox 511 2577 608 2651; x_wconf 89' lang='lat' dir='ltr'><strong>lucet,</strong></span> <span class='ocrx_word' id='word_1_190' title='bbox 633 2585 663 2636; x_wconf 92' lang='lat' dir='ltr'><strong>et</strong></span> <span class='ocrx_word' id='word_1_191' title='bbox 685 2586 719 2636; x_wconf 89' lang='lat' dir='ltr'><strong>ut</strong></span> <span class='ocrx_word' id='word_1_192' title='bbox 740 2594 896 2654; x_wconf 89' lang='lat' dir='ltr'><strong>speramus</strong></span> <span class='ocrx_word' id='word_1_193' title='bbox 919 2574 971 2633; x_wconf 88' lang='lat' dir='ltr'><strong>diu</strong></span> <span class='ocrx_word' id='word_1_194' title='bbox 994 2575 1140 2636; x_wconf 84' lang='lat' dir='ltr'><strong>lucebit.“</strong></span> <span class='ocrx_word' id='word_1_195' title='bbox 1172 2577 1290 2656; x_wconf 85' lang='lat' dir='ltr'><strong>Itaque</strong></span> <span class='ocrx_word' id='word_1_196' title='bbox 1312 2589 1380 2655; x_wconf 62' lang='lat' dir='ltr'><strong>pro-3</strong></span> 
     </span>
     <span class='ocr_line' id='line_1_24' title="bbox 232 2649 1380 2758; baseline 0 -20"><span class='ocrx_word' id='word_1_197' title='bbox 232 2689 300 2757; x_wconf 89' lang='lat' dir='ltr'><strong>pter</strong></span> <span class='ocrx_word' id='word_1_198' title='bbox 321 2679 475 2758; x_wconf 91' lang='lat' dir='ltr'><strong>publicam</strong></span> <span class='ocrx_word' id='word_1_199' title='bbox 493 2679 698 2738; x_wconf 86' lang='lat' dir='ltr'><strong>etBorussiae</strong></span> <span class='ocrx_word' id='word_1_200' title='bbox 719 2687 749 2737; x_wconf 89' lang='lat' dir='ltr'><strong>et</strong></span> <span class='ocrx_word' id='word_1_201' title='bbox 770 2677 907 2756; x_wconf 88' lang='lat' dir='ltr'><strong>gentium</strong></span> <span class='ocrx_word' id='word_1_202' title='bbox 924 2677 1091 2737; x_wconf 85' lang='lat' dir='ltr'><strong>vicinarum</strong></span> <span class='ocrx_word' id='word_1_203' title='bbox 1113 2677 1282 2739; x_wconf 86' lang='lat' dir='ltr'><strong>utilitatem</strong></span> <span class='ocrx_word' id='word_1_204' title='bbox 1298 2649 1380 2738; x_wconf 76' lang='lat' dir='ltr'><strong>virosi</strong></span> 
     </span>
     <span class='ocr_line' id='line_1_25' title="bbox 233 2759 1380 2859; baseline -0.006 -19"><span class='ocrx_word' id='word_1_205' title='bbox 233 2780 367 2840; x_wconf 86' lang='lat' dir='ltr'><strong>eruditos</strong></span> <span class='ocrx_word' id='word_1_206' title='bbox 389 2789 419 2840; x_wconf 91' lang='lat' dir='ltr'><strong>et</strong></span> <span class='ocrx_word' id='word_1_207' title='bbox 437 2781 587 2858; x_wconf 89' lang='lat' dir='ltr'><strong>insignes,</strong></span> <span class='ocrx_word' id='word_1_208' title='bbox 610 2781 663 2859; x_wconf 92' lang='lat' dir='ltr'><strong>qui</strong></span> <span class='ocrx_word' id='word_1_209' title='bbox 684 2780 792 2857; x_wconf 91' lang='lat' dir='ltr'><strong>partim</strong></span> <span class='ocrx_word' id='word_1_210' title='bbox 814 2779 1031 2858; x_wconf 88' lang='lat' dir='ltr'><strong>grammaticen</strong></span> <span class='ocrx_word' id='word_1_211' title='bbox 1054 2781 1196 2839; x_wconf 89' lang='lat' dir='ltr'><strong>Latinam</strong></span> <span class='ocrx_word' id='word_1_212' title='bbox 1217 2759 1380 2846; x_wconf 56' lang='lat' dir='ltr'><strong>traderent}</strong></span> 
     </span>
     <span class='ocr_line' id='line_1_26' title="bbox 232 2869 1380 2962; baseline -0.003 -22"><span class='ocrx_word' id='word_1_213' title='bbox 232 2892 325 2962; x_wconf 88' lang='lat' dir='ltr'><strong>atque</strong></span> <span class='ocrx_word' id='word_1_214' title='bbox 353 2882 393 2941; x_wconf 91' lang='lat' dir='ltr'><strong>ad</strong></span> <span class='ocrx_word' id='word_1_215' title='bbox 418 2903 526 2961; x_wconf 90' lang='lat' dir='ltr'><strong>puram</strong></span> <span class='ocrx_word' id='word_1_216' title='bbox 554 2891 585 2942; x_wconf 88' lang='lat' dir='ltr'><strong>et</strong></span> <span class='ocrx_word' id='word_1_217' title='bbox 613 2882 747 2941; x_wconf 87' lang='lat' dir='ltr'><strong>nativam</strong></span> <span class='ocrx_word' id='word_1_218' title='bbox 776 2883 922 2941; x_wconf 88' lang='lat' dir='ltr'><strong>sermonis</strong></span> <span class='ocrx_word' id='word_1_219' title='bbox 945 2882 1073 2940; x_wconf 88' lang='lat' dir='ltr'><strong>Romani</strong></span> <span class='ocrx_word' id='word_1_220' title='bbox 1101 2882 1227 2941; x_wconf 88' lang='lat' dir='ltr'><strong>formam</strong></span> <span class='ocrx_word' id='word_1_221' title='bbox 1251 2884 1285 2942; x_wconf 91' lang='lat' dir='ltr'><strong>in</strong></span> <span class='ocrx_word' id='word_1_222' title='bbox 1306 2869 1380 2942; x_wconf 73' lang='lat' dir='ltr'><strong>seri-3</strong></span> 
     </span>
     <span class='ocr_line' id='line_1_27' title="bbox 232 2983 1367 3066; baseline -0.004 -22"><span class='ocrx_word' id='word_1_223' title='bbox 232 2983 348 3058; x_wconf 89' lang='lat' dir='ltr'><strong>hendo,</strong></span> <span class='ocrx_word' id='word_1_224' title='bbox 378 2995 524 3064; x_wconf 90' lang='lat' dir='ltr'><strong>quantum</strong></span> <span class='ocrx_word' id='word_1_225' title='bbox 548 2985 614 3044; x_wconf 92' lang='lat' dir='ltr'><strong>fieri</strong></span> <span class='ocrx_word' id='word_1_226' title='bbox 635 2993 753 3063; x_wconf 89' lang='lat' dir='ltr'><strong>posset,</strong></span> <span class='ocrx_word' id='word_1_227' title='bbox 780 2984 969 3043; x_wconf 86' lang='lat' dir='ltr'><strong>iuventutern</strong></span> <span class='ocrx_word' id='word_1_228' title='bbox 992 2983 1236 3060; x_wconf 88' lang='lat' dir='ltr'><strong>assuefacerent,</strong></span> <span class='ocrx_word' id='word_1_229' title='bbox 1267 2984 1367 3066; x_wconf 88' lang='lat' dir='ltr'><strong>partin</strong></span> 
     </span>
     <span class='ocr_line' id='line_1_28' title="bbox 234 3086 1367 3167; baseline -0.005 -20"><span class='ocrx_word' id='word_1_230' title='bbox 234 3086 374 3147; x_wconf 83' lang='lat' dir='ltr'><strong>Graecae</strong></span> <span class='ocrx_word' id='word_1_231' title='bbox 408 3087 645 3167; x_wconf 88' lang='lat' dir='ltr'><strong>Hebraicaeque</strong></span> <span class='ocrx_word' id='word_1_232' title='bbox 677 3088 801 3164; x_wconf 89' lang='lat' dir='ltr'><strong>linguae</strong></span> <span class='ocrx_word' id='word_1_233' title='bbox 836 3094 975 3144; x_wconf 88' lang='lat' dir='ltr'><strong>auctores</strong></span> <span class='ocrx_word' id='word_1_234' title='bbox 1007 3094 1229 3165; x_wconf 88' lang='lat' dir='ltr'><strong>proponerent,</strong></span> <span class='ocrx_word' id='word_1_235' title='bbox 1264 3086 1367 3166; x_wconf 89' lang='lat' dir='ltr'><strong>partin</strong></span> 
     </span>
     <span class='ocr_line' id='line_1_29' title="bbox 232 3187 1367 3268; baseline -0.003 -20"><span class='ocrx_word' id='word_1_236' title='bbox 232 3189 444 3268; x_wconf 90' lang='lat' dir='ltr'><strong>philosophiae</strong></span> <span class='ocrx_word' id='word_1_237' title='bbox 473 3209 510 3248; x_wconf 91' lang='lat' dir='ltr'><strong>ac</strong></span> <span class='ocrx_word' id='word_1_238' title='bbox 531 3189 746 3247; x_wconf 80' lang='lat' dir='ltr'><strong>matbematunr</strong></span> <span class='ocrx_word' id='word_1_239' title='bbox 769 3187 870 3262; x_wconf 92' lang='lat' dir='ltr'><strong>initia,</strong></span> <span class='ocrx_word' id='word_1_240' title='bbox 895 3188 1003 3266; x_wconf 89' lang='lat' dir='ltr'><strong>iusque</strong></span> <span class='ocrx_word' id='word_1_241' title='bbox 1026 3187 1117 3247; x_wconf 90' lang='lat' dir='ltr'><strong>civile</strong></span> <span class='ocrx_word' id='word_1_242' title='bbox 1141 3195 1172 3246; x_wconf 90' lang='lat' dir='ltr'><strong>et</strong></span> <span class='ocrx_word' id='word_1_243' title='bbox 1194 3197 1293 3248; x_wconf 89' lang='lat' dir='ltr'><strong>artem</strong></span> <span class='ocrx_word' id='word_1_244' title='bbox 1315 3206 1367 3248; x_wconf 87' lang='lat' dir='ltr'><strong>rne-</strong></span> 
     </span>
     <span class='ocr_line' id='line_1_30' title="bbox 233 3279 1367 3372; baseline -0.004 -21"><span class='ocrx_word' id='word_1_245' title='bbox 233 3292 331 3351; x_wconf 89' lang='lat' dir='ltr'><strong>dicam</strong></span> <span class='ocrx_word' id='word_1_246' title='bbox 364 3279 525 3365; x_wconf 88' lang='lat' dir='ltr'><strong>docerent,</strong></span> <span class='ocrx_word' id='word_1_247' title='bbox 554 3289 671 3349; x_wconf 85' lang='lat' dir='ltr'><strong>salariis</strong></span> <span class='ocrx_word' id='word_1_248' title='bbox 701 3290 827 3349; x_wconf 88' lang='lat' dir='ltr'><strong>allectos</strong></span> <span class='ocrx_word' id='word_1_249' title='bbox 855 3309 923 3348; x_wconf 89' lang='lat' dir='ltr'><strong>esse</strong></span> <span class='ocrx_word' id='word_1_250' title='bbox 952 3288 1148 3367; x_wconf 88' lang='lat' dir='ltr'><strong>largioribus,</strong></span> <span class='ocrx_word' id='word_1_251' title='bbox 1179 3311 1271 3370; x_wconf 88' lang='lat' dir='ltr'><strong>quam</strong></span> <span class='ocrx_word' id='word_1_252' title='bbox 1296 3307 1367 3372; x_wconf 84' lang='lat' dir='ltr'><strong>qnae</strong></span> 
     </span>
     <span class='ocr_line' id='line_1_31' title="bbox 232 3389 1366 3474; baseline -0.004 -20"><span class='ocrx_word' id='word_1_253' title='bbox 232 3415 287 3474; x_wconf 92' lang='lat' dir='ltr'><strong>per</strong></span> <span class='ocrx_word' id='word_1_254' title='bbox 311 3393 506 3454; x_wconf 81' lang='lat' dir='ltr'><strong>Germaniam</strong></span> <span class='ocrx_word' id='word_1_255' title='bbox 529 3392 640 3451; x_wconf 86' lang='lat' dir='ltr'><strong>usitata</strong></span> <span class='ocrx_word' id='word_1_256' title='bbox 664 3401 774 3451; x_wconf 89' lang='lat' dir='ltr'><strong>essent.</strong></span> <span class='ocrx_word' id='word_1_257' title='bbox 808 3389 1011 3450; x_wconf 83' lang='lat' dir='ltr'><strong>Accessiones</strong></span> <span class='ocrx_word' id='word_1_258' title='bbox 1034 3391 1108 3469; x_wconf 90' lang='lat' dir='ltr'><strong>quin</strong></span> <span class='ocrx_word' id='word_1_259' title='bbox 1131 3391 1222 3450; x_wconf 88' lang='lat' dir='ltr'><strong>etiam</strong></span> <span class='ocrx_word' id='word_1_260' title='bbox 1245 3392 1283 3450; x_wconf 91' lang='lat' dir='ltr'><strong>iis</strong></span> <span class='ocrx_word' id='word_1_261' title='bbox 1309 3391 1366 3472; x_wconf 91' lang='lat' dir='ltr'><strong>pol·</strong></span> 
     </span>
     <span class='ocr_line' id='line_1_32' title="bbox 232 3491 1366 3574; baseline -0.004 -18"><span class='ocrx_word' id='word_1_262' title='bbox 232 3498 332 3556; x_wconf 91' lang='lat' dir='ltr'><strong>licitus</strong></span> <span class='ocrx_word' id='word_1_263' title='bbox 363 3504 420 3570; x_wconf 87' lang='lat' dir='ltr'><strong>est,</strong></span> <span class='ocrx_word' id='word_1_264' title='bbox 447 3514 524 3574; x_wconf 89' lang='lat' dir='ltr'><strong>qnos</strong></span> <span class='ocrx_word' id='word_1_265' title='bbox 547 3493 724 3554; x_wconf 88' lang='lat' dir='ltr'><strong>academiae</strong></span> <span class='ocrx_word' id='word_1_266' title='bbox 746 3493 814 3573; x_wconf 91' lang='lat' dir='ltr'><strong>plus</strong></span> <span class='ocrx_word' id='word_1_267' title='bbox 835 3491 981 3571; x_wconf 88' lang='lat' dir='ltr'><strong>prodesse</strong></span> <span class='ocrx_word' id='word_1_268' title='bbox 1003 3491 1286 3553; x_wconf 88' lang='lat' dir='ltr'><strong>animadvertisset:</strong></span> <span class='ocrx_word' id='word_1_269' title='bbox 1322 3495 1366 3552; x_wconf 90' lang='lat' dir='ltr'><strong>im·</strong></span> 
     </span>
     <span class='ocr_line' id='line_1_33' title="bbox 232 3593 1364 3676; baseline -0.007 -17"><span class='ocrx_word' id='word_1_270' title='bbox 232 3599 395 3658; x_wconf 88' lang='lat' dir='ltr'><strong>munitates</strong></span> <span class='ocrx_word' id='word_1_271' title='bbox 419 3598 522 3657; x_wconf 89' lang='lat' dir='ltr'><strong>solitas</strong></span> <span class='ocrx_word' id='word_1_272' title='bbox 543 3597 680 3676; x_wconf 88' lang='lat' dir='ltr'><strong>promisit</strong></span> <span class='ocrx_word' id='word_1_273' title='bbox 701 3606 732 3657; x_wconf 90' lang='lat' dir='ltr'><strong>ct</strong></span> <span class='ocrx_word' id='word_1_274' title='bbox 751 3595 912 3674; x_wconf 88' lang='lat' dir='ltr'><strong>privilegia</strong></span> <span class='ocrx_word' id='word_1_275' title='bbox 934 3593 1139 3674; x_wconf 89' lang='lat' dir='ltr'><strong>impetranda,</strong></span> <span class='ocrx_word' id='word_1_276' title='bbox 1169 3614 1249 3675; x_wconf 90' lang='lat' dir='ltr'><strong>quae</strong></span> <span class='ocrx_word' id='word_1_277' title='bbox 1270 3603 1364 3656; x_wconf 88' lang='lat' dir='ltr'><strong>tamen</strong></span> 
     </span>
     <span class='ocr_line' id='line_1_34' title="bbox 232 3684 1365 3779; baseline -0.007 -19"><span class='ocrx_word' id='word_1_278' title='bbox 232 3684 333 3779; x_wconf 86' lang='lat' dir='ltr'><strong>neque</strong></span> <span class='ocrx_word' id='word_1_279' title='bbox 356 3700 394 3759; x_wconf 92' lang='lat' dir='ltr'><strong>ab</strong></span> <span class='ocrx_word' id='word_1_280' title='bbox 407 3699 595 3778; x_wconf 88' lang='lat' dir='ltr'><strong>Imperatore</strong></span> <span class='ocrx_word' id='word_1_281' title='bbox 614 3719 715 3779; x_wconf 89' lang='lat' dir='ltr'><strong>neque</strong></span> <span class='ocrx_word' id='word_1_282' title='bbox 737 3695 917 3756; x_wconf 89' lang='lat' dir='ltr'><strong>aPontifice</strong></span> <span class='ocrx_word' id='word_1_283' title='bbox 928 3696 1081 3769; x_wconf 88' lang='lat' dir='ltr'><strong>Romano,</strong></span> <span class='ocrx_word' id='word_1_284' title='bbox 1104 3695 1194 3756; x_wconf 88' lang='lat' dir='ltr'><strong>seda</strong></span> <span class='ocrx_word' id='word_1_285' title='bbox 1215 3695 1278 3755; x_wconf 91' lang='lat' dir='ltr'><strong>solo</strong></span> <span class='ocrx_word' id='word_1_286' title='bbox 1298 3715 1365 3774; x_wconf 85' lang='lat' dir='ltr'><strong>rege</strong></span> 
     </span>
     <span class='ocr_line' id='line_1_35' title="bbox 230 3798 1365 3880; baseline -0.006 -19"><span class='ocrx_word' id='word_1_287' title='bbox 230 3803 379 3862; x_wconf 88' lang='lat' dir='ltr'><strong>Poloniae</strong></span> <span class='ocrx_word' id='word_1_288' title='bbox 409 3821 554 3860; x_wconf 88' lang='lat' dir='ltr'><strong>concessa</strong></span> <span class='ocrx_word' id='word_1_289' title='bbox 578 3810 661 3860; x_wconf 85' lang='lat' dir='ltr'><strong>sunt:</strong></span> <span class='ocrx_word' id='word_1_290' title='bbox 689 3809 841 3880; x_wconf 88' lang='lat' dir='ltr'><strong>postremo</strong></span> <span class='ocrx_word' id='word_1_291' title='bbox 864 3798 1002 3876; x_wconf 89' lang='lat' dir='ltr'><strong>regimen</strong></span> <span class='ocrx_word' id='word_1_292' title='bbox 1030 3817 1143 3858; x_wconf 89' lang='lat' dir='ltr'><strong>morum</strong></span> <span class='ocrx_word' id='word_1_293' title='bbox 1171 3799 1365 3868; x_wconf 85' lang='lat' dir='ltr'><strong>commendat,</strong></span> 
     </span>
     <span class='ocr_line' id='line_1_36' title="bbox 231 3896 1364 3983; baseline -0.008 -20"><span class='ocrx_word' id='word_1_294' title='bbox 231 3923 328 3983; x_wconf 90' lang='lat' dir='ltr'><strong>seque</strong></span> <span class='ocrx_word' id='word_1_295' title='bbox 350 3905 449 3982; x_wconf 92' lang='lat' dir='ltr'><strong>ipsum</strong></span> <span class='ocrx_word' id='word_1_296' title='bbox 467 3903 546 3960; x_wconf 91' lang='lat' dir='ltr'><strong>hanc</strong></span> <span class='ocrx_word' id='word_1_297' title='bbox 566 3903 755 3980; x_wconf 88' lang='lat' dir='ltr'><strong>provinciam</strong></span> <span class='ocrx_word' id='word_1_298' title='bbox 777 3909 987 3979; x_wconf 88' lang='lat' dir='ltr'><strong>suscepturum</strong></span> <span class='ocrx_word' id='word_1_299' title='bbox 1005 3899 1177 3979; x_wconf 89' lang='lat' dir='ltr'><strong>praedicat,</strong></span> <span class='ocrx_word' id='word_1_300' title='bbox 1200 3903 1234 3958; x_wconf 85' lang='lat' dir='ltr'><strong>ut</strong></span> <span class='ocrx_word' id='word_1_301' title='bbox 1257 3901 1310 3979; x_wconf 90' lang='lat' dir='ltr'><strong>qui</strong></span> <span class='ocrx_word' id='word_1_302' title='bbox 1332 3896 1364 3957; x_wconf 87' lang='lat' dir='ltr'><strong>ad</strong></span> 
     </span>
     <span class='ocr_line' id='line_1_37' title="bbox 231 4000 1362 4081; baseline -0.008 -16"><span class='ocrx_word' id='word_1_303' title='bbox 231 4007 373 4065; x_wconf 90' lang='lat' dir='ltr'><strong>virtutem</strong></span> <span class='ocrx_word' id='word_1_304' title='bbox 391 4004 475 4063; x_wconf 89' lang='lat' dir='ltr'><strong>flecti</strong></span> <span class='ocrx_word' id='word_1_305' title='bbox 495 4003 607 4078; x_wconf 90' lang='lat' dir='ltr'><strong>nolint,</strong></span> <span class='ocrx_word' id='word_1_306' title='bbox 628 4007 854 4075; x_wconf 70' lang='lat' dir='ltr'><strong>remoueantur,</strong></span> <span class='ocrx_word' id='word_1_307' title='bbox 877 4001 960 4081; x_wconf 89' lang='lat' dir='ltr'><strong>quod</strong></span> <span class='ocrx_word' id='word_1_308' title='bbox 980 4001 1012 4060; x_wconf 90' lang='lat' dir='ltr'><strong>in</strong></span> <span class='ocrx_word' id='word_1_309' title='bbox 1030 4000 1196 4070; x_wconf 85' lang='lat' dir='ltr'><strong>academiis</strong></span> <span class='ocrx_word' id='word_1_310' title='bbox 1212 4000 1362 4080; x_wconf 89' lang='lat' dir='ltr'><strong>plerisque</strong></span> 
     </span>
     <span class='ocr_line' id='line_1_38' title="bbox 231 4101 1362 4184; baseline -0.008 -19"><span class='ocrx_word' id='word_1_311' title='bbox 231 4105 369 4167; x_wconf 89' lang='lat' dir='ltr'><strong>omnibus</strong></span> <span class='ocrx_word' id='word_1_312' title='bbox 398 4103 541 4183; x_wconf 86' lang='lat' dir='ltr'><strong>exempla</strong></span> <span class='ocrx_word' id='word_1_313' title='bbox 569 4112 733 4164; x_wconf 88' lang='lat' dir='ltr'><strong>cernantur</strong></span> <span class='ocrx_word' id='word_1_314' title='bbox 760 4103 925 4179; x_wconf 88' lang='lat' dir='ltr'><strong>eiusmodi,</strong></span> <span class='ocrx_word' id='word_1_315' title='bbox 951 4123 1031 4184; x_wconf 88' lang='lat' dir='ltr'><strong>quae</strong></span> <span class='ocrx_word' id='word_1_316' title='bbox 1059 4123 1120 4162; x_wconf 90' lang='lat' dir='ltr'><strong>non</strong></span> <span class='ocrx_word' id='word_1_317' title='bbox 1146 4101 1233 4161; x_wconf 89' lang='lat' dir='ltr'><strong>modo</strong></span> <span class='ocrx_word' id='word_1_318' title='bbox 1256 4101 1362 4161; x_wconf 87' lang='lat' dir='ltr'><strong>scholis</strong></span> 
     </span>
     <span class='ocr_line' id='line_1_39' title="bbox 231 4203 1360 4288; baseline -0.008 -19"><span class='ocrx_word' id='word_1_319' title='bbox 231 4208 428 4281; x_wconf 80' lang='lat' dir='ltr'><strong>Christianis,</strong></span> <span class='ocrx_word' id='word_1_320' title='bbox 453 4206 563 4266; x_wconf 87' lang='lat' dir='ltr'><strong>sedne</strong></span> <span class='ocrx_word' id='word_1_321' title='bbox 580 4206 644 4266; x_wconf 90' lang='lat' dir='ltr'><strong>ulla</strong></span> <span class='ocrx_word' id='word_1_322' title='bbox 665 4205 789 4288; x_wconf 91' lang='lat' dir='ltr'><strong>quidem</strong></span> <span class='ocrx_word' id='word_1_323' title='bbox 811 4207 957 4266; x_wconf 88' lang='lat' dir='ltr'><strong>societate</strong></span> <span class='ocrx_word' id='word_1_324' title='bbox 977 4203 1061 4264; x_wconf 89' lang='lat' dir='ltr'><strong>civili</strong></span> <span class='ocrx_word' id='word_1_325' title='bbox 1082 4204 1174 4283; x_wconf 89' lang='lat' dir='ltr'><strong>digna</strong></span> <span class='ocrx_word' id='word_1_326' title='bbox 1196 4203 1360 4263; x_wconf 89' lang='lat' dir='ltr'><strong>videantur.</strong></span> 
     </span>
     <span class='ocr_line' id='line_1_40' title="bbox 148 4305 1359 4386; baseline -0.007 -15"><span class='ocrx_word' id='word_1_327' title='bbox 148 4317 156 4330; x_wconf 90' lang='lat'>&#39;</span> <span class='ocrx_word' id='word_1_328' title='bbox 229 4311 395 4372; x_wconf 86' lang='lat' dir='ltr'><strong>Dedicatio</strong></span> <span class='ocrx_word' id='word_1_329' title='bbox 424 4309 601 4368; x_wconf 89' lang='lat' dir='ltr'><strong>academiae</strong></span> <span class='ocrx_word' id='word_1_330' title='bbox 624 4313 662 4368; x_wconf 84' lang='lat' dir='ltr'><strong>ex</strong></span> <span class='ocrx_word' id='word_1_331' title='bbox 682 4329 763 4368; x_wconf 89' lang='lat' dir='ltr'><strong>more</strong></span> <span class='ocrx_word' id='word_1_332' title='bbox 785 4308 938 4386; x_wconf 89' lang='lat' dir='ltr'><strong>perfecta:</strong></span> <span class='ocrx_word' id='word_1_333' title='bbox 962 4306 1049 4384; x_wconf 86' lang='lat' dir='ltr'><strong>leges</strong></span> <span class='ocrx_word' id='word_1_334' title='bbox 1068 4305 1236 4386; x_wconf 88' lang='lat' dir='ltr'><strong>prudentes</strong></span> <span class='ocrx_word' id='word_1_335' title='bbox 1261 4314 1291 4364; x_wconf 89' lang='lat' dir='ltr'><strong>et</strong></span> <span class='ocrx_word' id='word_1_336' title='bbox 1313 4307 1359 4364; x_wconf 93' lang='lat' dir='ltr'><strong>hu·</strong></span> 
     </span>
    </p>
   </div>
   <div class='ocr_carea' id='block_1_3' title="bbox 229 4407 1358 4491">
    <p class='ocr_par' dir='ltr' id='par_1_3' title="bbox 229 4407 1358 4491">
     <span class='ocr_line' id='line_1_41' title="bbox 229 4407 1358 4491; baseline -0.011 -15"><span class='ocrx_word' id='word_1_337' title='bbox 229 4432 338 4476; x_wconf 86' lang='lat' dir='ltr'><strong>manae</strong></span> <span class='ocrx_word' id='word_1_338' title='bbox 361 4411 468 4491; x_wconf 78' lang='lat' dir='ltr'><strong>data03</strong></span> <span class='ocrx_word' id='word_1_339' title='bbox 492 4409 710 4471; x_wconf 88' lang='lat' dir='ltr'><strong>iurisdictionis</strong></span> <span class='ocrx_word' id='word_1_340' title='bbox 732 4411 897 4472; x_wconf 88' lang='lat' dir='ltr'><strong>auctoritas</strong></span> <span class='ocrx_word' id='word_1_341' title='bbox 921 4408 1003 4467; x_wconf 89' lang='lat' dir='ltr'><strong>haud</strong></span> <span class='ocrx_word' id='word_1_342' title='bbox 1027 4409 1139 4487; x_wconf 87' lang='lat' dir='ltr'><strong>exigua</strong></span> <span class='ocrx_word' id='word_1_343' title='bbox 1162 4407 1290 4467; x_wconf 89' lang='lat' dir='ltr'><strong>collata:</strong></span> <span class='ocrx_word' id='word_1_344' title='bbox 1315 4407 1358 4489; x_wconf 91' lang='lat' dir='ltr'><strong>qni</strong></span> 
     </span>
    </p>
   </div>
   <div class='ocr_carea' id='block_1_4' title="bbox 0 0 1404 4976">
    <p class='ocr_par' dir='ltr' id='par_1_4' title="bbox 0 0 1404 4976">
     <span class='ocr_line' id='line_1_42' title="bbox 0 0 1404 4976; baseline 0 2"><span class='ocrx_word' id='word_1_345' title='bbox 0 0 1404 4976; x_wconf 95' lang='lat' dir='ltr'><strong> </strong></span> 
     </span>
    </p>
   </div>
  </div>
 </body>
</html>
