2800 4976
792 265 829 324 14

710 350 902 358 ——-—--—-

237 453 282 511 At
300 459 406 511 nostra
428 459 530 510 aetate
551 459 595 510 tot
616 451 757 510 fortunae
788 451 931 529 publicae
957 451 1159 531 privataeque
1187 454 1330 530 pericula
1355 463 1381 512 et

239 555 347 612 ruinae
368 553 406 611 ab
429 552 593 612 humilibus
615 553 724 612 studiis
748 553 787 611 ad
816 573 915 612 rerum
944 553 1122 612 caelestium
1151 556 1379 634 contemplatio-

241 676 311 714 nem
333 656 392 713 iam
415 674 561 714 revocare
588 655 704 713 animos
727 655 897 713 mortalium
919 655 1084 732 incipiunt,
1108 675 1144 713 ac
1166 656 1295 714 sublime
1314 650 1388 742 spe-l

241 765 326 814 ctare
362 754 490 814 docent:
527 755 703 814 Fridericus
737 755 907 815 Guilelmus
942 776 1029 828 vero,
1063 764 1097 814 ut
1133 777 1236 816 omnes
1273 758 1379 836 implet

241 857 314 917 boui
336 858 483 935 principis
505 877 659 931 numeros,
690 859 733 916 ita
753 867 912 937 utramque
939 856 1061 915 laudem
1084 857 1255 935 coniungit,
1280 867 1313 916 et
1334 859 1378 914 lit-

240 968 372 1019 terarum
393 979 509 1018 summa
529 979 596 1018 cum
617 959 802 1018 liberalitate
825 979 862 1016 ac
884 959 1090 1017 munificentia
1110 959 1330 1032 stabilitarum,
1353 967 1378 1016 et

240 1062 364 1140 pietatis
389 1061 536 1134 eximiae,
556 1081 647 1139 quam
669 1061 756 1140 quasi
779 1061 951 1138 exemplum
972 1059 1124 1139 quoddam
1144 1061 1288 1140 autiquae
1312 1061 1389 1146 reli-¹

241 1165 357 1240 gionis,
391 1161 478 1235 fidei,
515 1162 675 1240 probitatis
709 1171 931 1240 praemonstrat
964 1162 1099 1239 egregie.
1148 1160 1319 1241 Equidem,
1350 1147 1389 1230 utl

241 1285 322 1324 nunc
345 1265 377 1322 in
397 1284 432 1323 eo
453 1284 502 1322 me
525 1265 711 1339 contineam,
728 1262 816 1346 ¹quod
836 1263 924 1322 nobis
943 1264 1114 1341 proximum
1128 1262 1264 1335 videtur,
1289 1283 1377 1341 quum

242 1365 416 1438 considero,
431 1366 541 1444 quibus
558 1365 759 1444 temporibus,
775 1375 888 1445 quanto
903 1374 1039 1444 sumptu,
1057 1385 1147 1444 quam
1164 1364 1250 1423 brevi
1271 1366 1376 1442 spatio,

242 1489 332 1551 quam
349 1465 521 1526 incredibili
534 1467 699 1526 studiorum
714 1466 986 1545 promovendorum
1003 1465 1125 1538 ardore,
1143 1465 1274 1544 donique
1287 1487 1376 1546 quau·

243 1573 280 1630 tis
303 1568 495 1629 successibus
523 1569 600 1628 baec
623 1569 779 1628 doctrinae
807 1568 913 1627 schola
942 1567 1079 1642 condita,
1109 1576 1213 1641 aucta,
1240 1568 1390 1654 perfeetal

245 1674 298 1732 sit:
322 1692 383 1731 non
404 1691 525 1750 possum
547 1672 621 1749 quin
644 1691 836 1729 commovear
857 1670 966 1747 partim
981 1670 1077 1747 Regis
1099 1670 1314 1748 sapientissimi
1330 1661 1390 1746 ge*

243 1775 361 1834 nercsis
384 1773 529 1833 institutis
556 1780 586 1830 et
611 1773 763 1846 consiliis,
786 1771 896 1851 quibus
922 1793 982 1830 nou
1010 1769 1098 1830 nobis
1119 1771 1204 1843 solis,
1227 1771 1283 1830 sed
1305 1771 1374 1830 Ger-

244 1877 365 1935 maniae
379 1877 557 1948 universae,
578 1894 680 1952 neque
695 1875 766 1932 huic
778 1883 894 1932 tantum
916 1873 1025 1945 aetati,
1045 1872 1100 1930 scd
1120 1873 1249 1931 saeculis
1273 1873 1375 1930 futuris

244 1977 395 2036 consuluit
411 1975 663 2047 fructuosissime,
686 1977 796 2054 partim
818 1995 999 2034 summorum
1014 1975 1182 2049 hominum,
1203 1974 1314 2053 quibus
1334 1974 1374 2030 lit-

244 2089 375 2138 terarum
403 2077 501 2137 tutela
531 2075 613 2156 apud
642 2097 698 2136 nos
726 2075 910 2135 demandata
937 2084 1000 2148 est,
1030 2075 1205 2154 prudentia,
1234 2077 1375 2145 bonitate,

244 2177 393 2240 industria
415 2179 572 2256 singulari.
608 2178 712 2258 Atque
734 2177 881 2236 hocloco
906 2177 978 2235 milri
1002 2197 1056 2236 vos
1079 2178 1284 2255 compellandi
1300 2179 1374 2246 estis,

244 2283 464 2342 commilitones
495 2281 678 2339 suavissimi.
709 2279 836 2352 Videte,
857 2280 963 2357 quanti
982 2299 1037 2337 vos
1060 2279 1167 2338 civitas
1186 2281 1263 2338 haec
1282 2281 1376 2350 faeiat,

245 2405 325 2465 qnae
345 2385 456 2444 vestris
474 2383 581 2442 studiis
604 2383 788 2463 palaestram
801 2383 956 2459 aperuerit
966 2381 1153 2454 huiusmodi,
1172 2389 1276 2440 vestra
1291 2400 1375 2440 eausa

245 2495 289 2545 tot
310 2485 444 2564 undique
469 2485 684 2545 convocaverit
706 2485 847 2543 doctores
876 2484 998 2556 artium,
1027 2492 1131 2542 vestra
1153 2503 1245 2542 causa
1268 2492 1374 2542 tantam

246 2587 421 2647 eruditionis
443 2589 604 2647 universae
623 2587 845 2665 supellectilem
862 2586 1095 2664 comparaverit:
1118 2584 1222 2644 videte
1244 2586 1276 2643 in
1299 2585 1374 2643 vobis

244 2691 425 2768 poni'spem
446 2690 580 2766 patriae,
604 2708 744 2767 quaene
767 2689 807 2747 ad
830 2689 944 2748 irritum
966 2687 1070 2761 cadat,
1094 2695 1179 2744 tanta
1202 2707 1276 2745 cura
1298 2688 1392 2770 insti-q

244 2793 391 2851 tutionem
410 2799 543 2850 vestram
559 2788 701 2866 dignatur
722 2810 771 2849 res
794 2790 932 2868 publica:
957 2789 1059 2849 videte
1075 2790 1216 2866 exempla
1228 2792 1392 2858 maiorum,

246 2893 505 2972 exspectationem
520 2901 693 2969 parentum,
715 2902 881 2972 praecepta
895 2893 1120 2970 magistrorum,
1143 2892 1323 2969 religionem
1339 2891 1374 2948 le·

247 3015 331 3073 gum,
347 2993 439 3078 ‘haec
461 2995 551 3052 etiam
577 3003 669 3074 atque
696 2995 786 3053 etiarn
807 2993 1014 3068 considerate,
1045 3002 1136 3071 atque
1162 2995 1262 3052 animo
1283 2993 1373 3071 eapite

246 3098 404 3169 virtutem,
436 3103 470 3153 ut
499 3095 605 3173 dignos
635 3117 690 3154 vos
720 3096 893 3156 muneribus
919 3096 1029 3170 tantis,
1064 3093 1171 3171 dignos
1200 3104 1288 3154 tauta
1320 3113 1373 3171 spe,

248 3198 354 3276 dignos
374 3206 476 3256 vestro
496 3198 563 3255 loco
585 3207 616 3255 ct
631 3195 737 3256 ordine
751 3199 922 3275 praestetis.
955 3195 1032 3272 Sed,
1054 3197 1173 3275 opinor,
1195 3197 1375 3255 currentibus

248 3301 401 3372 acclamo,
432 3307 465 3357 ut
487 3306 623 3356 currant:
650 3299 795 3376 plurimos
823 3308 906 3358 certe
928 3307 1061 3358 vestrum
1082 3301 1160 3358 scire
1183 3298 1256 3356 milri
1279 3297 1374 3356 videor

247 3401 396 3461 laudabili
413 3401 584 3459 litterarum
602 3399 702 3459 studio
729 3401 878 3479 flagrare,
907 3420 1083 3480 morumque
1104 3399 1253 3458 modestia
1276 3409 1307 3458 et
1330 3401 1374 3457 lro·

247 3512 366 3564 uestate
385 3503 522 3579 insignes
545 3521 622 3562 esse.
667 3503 748 3562 Num
766 3504 872 3562 mirum
889 3503 950 3560 iam
968 3501 1103 3577 videtur,
1125 3501 1183 3561 hoc
1206 3503 1310 3579 Rege,
1336 3500 1373 3558 lris

247 3608 351 3684 regiae
372 3605 538 3663 voluntatis
561 3603 759 3679 administris,
788 3625 839 3679 ac,
866 3605 959 3662 venia
978 3605 1018 3662 sit
1037 3603 1165 3678 dicenti,
1187 3603 1235 3660 his
1256 3622 1373 3681 praecr-

247 3707 383 3787 ptoribus
407 3715 437 3764 et
461 3706 618 3784 discipulis
640 3727 688 3766 res
710 3715 828 3766 nostras
850 3707 983 3765 crevisse
1011 3705 1202 3777 felicissime,
1234 3706 1373 3783 novisque

247 3812 279 3868 in
300 3809 366 3868 dies
386 3810 582 3868 incrementis
604 3809 710 3885 augeri
730 3817 760 3867 et
784 3808 898 3880 ornari,
917 3805 1047 3866 necdum
1070 3806 1190 3884 cepisse
1213 3803 1375 3864 detrimenti

249 3909 439 3990 quidquam?
483 3908 622 3968 Necdum
648 3909 813 3988 quidquam
834 3907 886 3966 ubi
909 3907 992 3981 dice,
1017 3909 1137 3986 excipio
1158 3907 1205 3982 id,
1227 3908 1310 3986 quod
1332 3906 1373 3963 dc·

247 4013 338 4070 vitari
359 4011 532 4069 humanitus
561 4030 620 4068 nou
645 4017 773 4088 poterat.
818 4010 879 4067 Hic
907 4011 975 4089 quis
997 4019 1130 4068 vestrum
1158 4030 1218 4068 non
1240 4007 1375 4084 iutelligit

248 4113 401 4191 deplorari
416 4132 434 4169 a
452 4132 499 4170 me
518 4111 609 4170 funus
631 4111 724 4182 illud,
745 4109 914 4184 auditores,
937 4110 1020 4190 quod
1036 4132 1134 4190 nuper
1150 4110 1291 4169 duximus
1304 4103 1373 4168 haud

246 4217 312 4275 sine
335 4213 472 4292 gemitu?
517 4211 544 4272 Ο
572 4212 712 4272 acerbam
739 4214 1053 4272 commemorationem
1081 4214 1166 4271 istius
1186 4212 1302 4286 luctus,
1326 4227 1374 4290 qus

247 4317 362 4375 utinam
383 4315 445 4373 diei
466 4315 555 4374 huius
583 4315 719 4374 hilaritas
749 4313 956 4374 contristanda
983 4335 1043 4372 non
1072 4314 1193 4372 fuisset:
1217 4334 1308 4392 quum
1330 4315 1372 4370 inr

246 4427 364 4476 matura
379 4426 474 4476 morte
494 4415 661 4493 eriperetur
676 4417 742 4490 ille,
764 4437 823 4496 quo
839 4436 928 4476 nemo
948 4415 1035 4474 nobis
1056 4435 1124 4474 esse
1140 4417 1238 4474 carior
1249 4420 1373 4493 poterat;
