2800 4976
776 199 816 262 28

692 287 894 297 u—-——--.-...⁴

228 391 388 470 praeclare
414 391 497 449 facta
524 409 773 450 commemorare:
808 399 853 449 tot
881 389 1010 449 militum
1043 389 1335 449 exauctorationes
1363 400 1388 472 el

230 494 406 566 missiones,
429 492 539 572 quibus
557 493 637 552 arvis
654 493 801 568 cultores,
823 512 931 571 operas
948 492 1091 570 opificiis,
1114 491 1235 550 scholis
1256 481 1388 568 litteris-i

232 615 291 676 qne
312 593 491 674 discipulos,
513 594 659 654 uxoribus
683 602 714 653 et
728 594 833 654 liberis
852 595 975 652 maritos
994 614 1030 652 ac
1049 601 1151 674 patres
1176 592 1388 666 familiarum„

231 695 409 775 parentibus
424 695 502 754 filios
516 685 667 774 reddidit3
685 694 793 756 foedus
811 694 888 754 illud
906 695 1183 774 religiosissimum,
1202 694 1303 774 quod
1325 687 1388 753 cun

233 797 417 858 Caesaribus
448 797 496 855 sui
516 797 677 856 simillimis
702 797 742 856 ad
761 796 863 857 orbern
883 805 1030 857 terrarum
1052 796 1178 855 firmiter
1197 795 1383 876 pacandum

231 901 365 979 pepigit,
394 899 499 958 levata
528 898 672 958 subiectis
700 899 881 977 vectigalia3
909 899 1084 977 provincias
1115 899 1311 976 nuperrime
1344 919 1388 956 sav

232 1001 351 1081 pienter
380 1002 573 1078 constitutas,
612 1001 774 1061 ecclesiam
800 1000 966 1060 honoribus
993 985 1161 1079 magnificis
1194 1007 1334 1059 auctam
1360 1009 1382 1057 et

231 1111 387 1179 ornatam3
418 1102 577 1181 praeclara
599 1103 747 1162 artificum
773 1122 866 1181 opera
892 1122 1002 1180 magno
1031 1121 1098 1160 cum
1120 1109 1249 1180 sumptu
1273 1104 1311 1162 in
1334 1123 1380 1180 pn·

231 1205 344 1264 blicam
365 1204 528 1263 utilitatem
545 1211 732 1284 comparata,
757 1205 818 1263 alia
834 1204 984 1282 permulta
1004 1203 1155 1262 beneficia
1176 1205 1302 1284 partim
1320 1224 1380 1283 per·

232 1307 329 1379 fecta,
351 1306 460 1384 partim
484 1305 645 1380 inchoata,
667 1307 778 1384 partim
802 1306 863 1365 suis
885 1305 1006 1385 populis
1027 1303 1193 1364 identidem
1217 1305 1379 1384 benignis·

231 1410 307 1468 sime
328 1407 486 1486 promissa.
521 1408 738 1468 Verumtamen
762 1427 815 1466 cur
830 1407 986 1466 materiam
1004 1407 1206 1484 largissimam
1229 1409 1388 1480 intactam,

231 1530 313 1570 nunc
341 1508 575 1588 relinquendam
607 1529 777 1583 censerem,
811 1507 890 1568 duae
918 1509 1105 1588 potissimum
1133 1528 1252 1568 causae
1283 1519 1388 1592 erant,

233 1610 396 1671 auditores.
440 1610 520 1670 Nam
545 1612 673 1691 primum
699 1612 796 1688 Regis
821 1613 917 1671 nostri
939 1609 1086 1669 modestia
1112 1611 1292 1688 spectanda
1322 1622 1377 1670 est:

233 1722 413 1792 aspernatur
435 1713 488 1772 ille
515 1734 583 1774 sese
607 1715 769 1794 quotannis
792 1712 896 1773 dedita
918 1732 1010 1791 opera
1031 1710 1151 1770 laudari
1174 1721 1273 1793 atque
1302 1713 1377 1772 ultra

235 1825 353 1875 ceteros
374 1815 517 1874 mortales
540 1815 656 1874 efferri:
681 1815 852 1893 planeque,
876 1813 957 1896 quod
980 1813 1018 1873 de
1033 1814 1167 1873 Traiano
1190 1836 1247 1874 suo
1266 1815 1378 1875 Caeci-

233 1918 308 1992 lius,
339 1937 450 1990 „unum
468 1916 522 1975 ille
541 1936 573 1975 se
597 1936 636 1974 ex
657 1915 762 1992 nobie,
790 1925 820 1976 et
837 1917 897 1975 hoc
917 1916 1014 1994 magis
1036 1915 1161 1976 excellit
1183 1925 1283 1996 atque
1309 1918 1376 1976 emi·

233 2026 301 2093 net,
323 2016 405 2098 quod
427 2038 521 2077 unum
543 2037 581 2076 ex
602 2018 690 2078 nobis
713 2020 830 2097 putat.“
873 2017 996 2078 Deinde
1020 2037 1099 2098 quae
1121 2019 1194 2076 foris
1218 2021 1388 2097 armisque

233 2129 355 2182 strenue
383 2127 543 2198 geruntur,
571 2120 653 2200 quod
679 2120 718 2180 ad
746 2121 877 2180 omniurn
906 2140 994 2180 aures
1017 2127 1193 2199 mentesque
1218 2121 1388 2193 accidunt,

234 2231 318 2284 recte
340 2230 371 2281 et
390 2242 444 2301 pro
464 2241 564 2282 rerum
584 2230 738 2300 gestarum
757 2221 964 2300 magnitudine
987 2222 1136 2282 celebrari
1159 2223 1251 2280 etiam
1278 2223 1323 2282 ab
1345 2224 1374 2281 iis

232 2333 374 2407 possunt,
402 2325 455 2404 qui
483 2343 544 2383 non
573 2325 754 2384 interfuere:
789 2344 868 2403 quae
899 2323 979 2382 domi
1006 2343 1061 2404 per
1084 2344 1206 2402 pacem,
1235 2345 1321 2403 quae
1349 2319 1388 2382 inl

234 2427 319 2502 aula,
348 2428 379 2484 in
408 2426 513 2501 curiis,
540 2433 592 2485 aut
620 2447 638 2484 a
665 2426 786 2506 regibus
815 2434 867 2484 aut
894 2427 980 2503 regio
1010 2425 1144 2504 auspicio
1164 2426 1257 2498 fiunt,
1292 2421 1388 2486 recte}

233 2527 415 2609 praedicare
443 2549 502 2586 non
529 2529 589 2586 nisi
610 2528 764 2609 particeps
792 2527 986 2588 consiliorum
1008 2527 1059 2587 vel
1085 2527 1300 2606 reipublicae
1323 2549 1370 2606 gu·

234 2629 411 2691 bernandae
443 2628 621 2688 administer
647 2650 704 2690 usu
731 2650 830 2689 rerum
857 2629 952 2711 probe
981 2629 1123 2689 subactus
1148 2637 1263 2707 potest:
1305 2629 1388 2710 inde}

234 2730 384 2814 quidquid
410 2740 541 2790 nostram
567 2732 600 2789 in
623 2731 827 2809 cognitionem
854 2733 953 2804 venit,
982 2731 1014 2789 id
1037 2740 1120 2790 certe
1143 2739 1189 2790 est
1211 2727 1388 2802 eiusmodi,

234 2845 268 2896 ut
292 2853 353 2893 non
378 2831 475 2892 dicam
501 2831 590 2891 vobis
618 2853 716 2914 aeque
743 2836 779 2891 ac'
807 2834 896 2908 mihi,
924 2833 978 2892 sed
1006 2835 1038 2892 in
1064 2832 1172 2910 vulgus
1193 2841 1304 2893 notum
1328 2835 1370 2892 sit.

233 2937 307 2996 Fuit
334 2944 467 3014 tempus,
498 2932 673 3010 auditores,
706 2955 765 3016 quo
800 2955 838 2994 ex
865 2942 1010 3014 suggestu
1040 2935 1167 2992 oratorio
1199 2935 1371 3016 principum

233 3038 380 3098 bonorum
399 3036 490 3095 etiam
512 3043 616 3114 togata
636 3038 730 3098 virtus
753 3036 883 3096 candide
906 3036 1058 3116 digneque
1078 3035 1219 3112 cognosci
1239 3047 1369 3114 poterat,

233 3161 324 3222 quum
344 3138 480 3211 Plinius,
502 3158 594 3219 quum
608 3140 735 3213 Fronto,
759 3160 851 3218 quum
870 3139 923 3198 alii
944 3139 1003 3198 viri
1025 3138 1112 3216 probi
1132 3147 1162 3198 et
1184 3137 1303 3215 diserti,
1324 3140 1370 3219 qui

232 3263 296 3304 rem
324 3239 478 3321 publicam
506 3241 694 3318 attigissent,
721 3241 888 3316 Traianos,
916 3239 1105 3314 Hadrianos,
1128 3241 1248 3300 Marsos
1273 3242 1368 3302 Aure·

231 3346 306 3417 lios,
336 3363 462 3424 quorum
490 3343 589 3402 coetui
617 3343 806 3403 sanctissimo
829 3343 946 3421 Regem
973 3350 1107 3402 nostrum
1138 3341 1211 3403 addi
1239 3345 1289 3404 fas
1319 3353 1368 3414 est,

232 3447 398 3526 gratiarum
413 3444 583 3504 actionibus
599 3443 826 3522 demulcebant,
851 3444 906 3504 sed
928 3445 974 3503 illi
994 3444 1095 3522 magni
1118 3453 1204 3503 erant
1220 3447 1368 3516 consules,

234 3550 286 3630 qui
309 3547 435 3627 negotia
461 3547 585 3626 publica
619 3547 820 3626 introspicere
844 3555 875 3606 et
897 3548 1058 3606 aestimare
1083 3547 1270 3624 experiendo
1295 3547 1367 3606 didi-

234 3659 354 3726 cerant3
376 3669 431 3710 nos
454 3631 611 3708 litteratos¹
628 3670 734 3728 parum
757 3649 811 3708 bas
833 3668 882 3708 res
905 3647 1033 3723 callere,
1055 3649 1179 3706 nimium
1202 3668 1298 3726 saepe
1320 3670 1366 3708 au·

233 3753 379 3814 divimus:
414 3751 461 3810 illi
489 3752 521 3810 in
546 3751 616 3810 luce
645 3751 703 3811 fori
731 3759 762 3810 et
792 3758 914 3810 senatus
940 3749 1157 3827 versabantur,
1179 3758 1287 3809 nostra
1310 3752 1365 3812 elo-

232 3855 358 3936 quentia
386 3855 417 3912 in
447 3852 619 3913 scholarum
648 3852 753 3912 umbra
785 3860 814 3910 et
846 3853 994 3931 angustiis
1027 3851 1209 3913 delitescere
1244 3855 1364 3932 cogitur.

192 3930 198 3949 Ι
233 3950 427 4034 Quapropter
452 3962 620 4032 temperate
660 3953 847 4033 aliquantum
873 3953 1032 4013 affectibus
1064 3955 1189 4029 vestris,
1219 3974 1296 4033 quos
1322 3955 1364 4013 hic

231 4058 290 4119 sibi
318 4055 384 4116 dies
410 4057 475 4114 iure
509 4054 662 4134 deposcit,
693 4063 726 4114 ut
752 4075 808 4132 ego
832 4055 906 4114 mihi
927 4057 959 4114 in
978 4057 1065 4133 Rege
1089 4055 1244 4115 laudando
1266 4067 1364 4116 contra

231 4157 444 4236 meam'ipsius
465 4156 652 4216 voluntatem
674 4165 826 4236 tempero:
850 4158 943 4216 liceat
959 4157 1032 4216 mihi
1049 4159 1182 4236 priorum
1204 4168 1363 4237 temporum

231 4260 405 4320 memoriam
427 4258 593 4337 replicare,
621 4267 652 4317 et
676 4278 715 4317 ex
736 4259 840 4336 regiae
862 4259 963 4336 stirpis
988 4257 1150 4319 maioribus
1174 4279 1266 4318 unum
1290 4260 1362 4320 exci-

230 4372 296 4423 tare
323 4361 510 4440 principem,
542 4359 594 4438 qui
625 4379 680 4418 sua
706 4366 808 4418 aetate
837 4358 938 4418 studia
966 4359 1134 4442 litterarum
1158 4360 1297 4421 similiter
1318 4361 1361 4420 de·
