2800 4976
576 281 615 338 57

21 481 142 547 enter,
171 479 312 547 strenue,
341 472 459 549 integre
483 479 661 544 curaverat,
686 471 734 529 cui
756 469 851 529 multa
873 476 903 528 et
925 471 1085 548 praeclara
1105 471 1164 532 iam

23 576 228 648 ebebamus,
251 573 341 654 plura
356 575 422 633 sine
441 573 533 632 dubio
554 573 686 632 debituri
709 593 841 647 cramus,
860 580 1011 650 postremo
1034 593 1163 654 qrroeum

22 679 167 736 iuturno
187 697 244 735 usu
266 677 420 755 quandam
437 676 529 756 ,qnasi
551 675 787 734 familiaritatem
811 683 1073 748 contraxeramus,
1096 677 1161 754 qui·

23 801 66 838 ue
92 781 131 838 in
157 780 226 857 ipso
248 778 451 838 abdicationis
470 787 637 854 momento,
661 796 752 857 qnam
766 777 825 856 ipsi
840 777 903 835 cari
919 796 1067 850 essemus,
1091 798 1161 837 can·

24 882 81 940 ide
106 873 303 953 declaravit,
326 881 373 938 vir
395 879 482 939 uobis
503 881 678 960 praefectus
700 889 766 955 est,
789 901 848 959 quc
869 897 971 957 neque
991 879 1159 958 digniorem

21 1003 190 1043 onsensus
211 983 365 1042 hominum
387 990 569 1056 monstrare,
595 1002 654 1041 nec
674 983 849 1061 peritiorem
871 980 1000 1040 eruditio
1023 1001 1158 1061 compro·

24 1105 100 1160 are,
125 1105 235 1164 neque
255 1085 481 1164 promptiorem,
504 1084 722 1157 liberaliorem,
744 1083 951 1144 humaniorem
970 1084 1161 1162 experientia

23 1186 117 1245 docti
137 1186 319 1246 desiderare
338 1195 369 1246 et
389 1196 536 1264 expetere
559 1195 687 1266 queantr
712 1186 757 1245 vir
773 1188 895 1266 inquam
910 1185 1024 1244 artibus
1040 1187 1159 1246 eximiis

24 1297 37 1346 t
60 1290 138 1368 pari
159 1289 244 1347 fama
260 1288 398 1368 publice,
422 1287 554 1369 deniqne
576 1287 714 1348 omnibus
730 1289 823 1346 animi
843 1287 1018 1368 ingeniique
1040 1287 1159 1348 dotibus

21 1391 197 1464 scalleus,
220 1411 296 1471 quas
316 1393 348 1450 in
367 1391 506 1469 principe
522 1391 689 1450 litterarum
709 1400 828 1450 rectore
848 1391 949 1450 inesse
969 1411 1031 1450 non
1050 1399 1083 1450 nt
1105 1412 1157 1452 ne·

26 1495 187 1552 essarium
215 1493 364 1573 postules,
393 1491 448 1552 sed
476 1500 509 1552 ut
537 1493 691 1570 egregium
719 1491 860 1573 quodque
891 1494 1066 1570 contingere
1088 1514 1157 1552 raro

21 1597 125 1670 ›ossit,
162 1603 299 1674 exoptes.
345 1595 507 1673 Quodnam
535 1597 615 1654 enim
638 1594 678 1653 ad
704 1595 807 1654 florem
835 1593 1037 1654 doctrinarum
1060 1587 1158 1656 maius

21 1719 78 1756 esse
106 1698 303 1758 commodum
324 1705 439 1776 potest,
471 1717 561 1778 quam
591 1698 767 1774 praefectus
793 1697 955 1771 eiusmodi,
978 1698 1030 1777 qui
1053 1717 1157 1758 omnes

21 1801 91 1859 'ires
118 1820 306 1880 omnemque
329 1811 437 1859 curam¹
458 1797 617 1858 intendere
636 1797 791 1872 videatur,
813 1807 846 1858 ut
865 1799 1034 1858 litterarum
1056 1798 1157 1858 studia

21 1902 102 1961 iltius
128 1903 265 1980 repetita
289 1902 407 1960 alantur
427 1901 580 1981 latiusque
602 1909 823 1979 propagentur,
846 1921 960 1981 eaque,
982 1921 1072 1981 quam
1093 1923 1154 1960 me·

21 2013 135 2077 entur,
169 2003 318 2080 dignitate
350 2012 381 2062 et
407 2004 522 2062 honore
552 2003 710 2062 fruantur?
753 2003 843 2081 Quae
864 2004 895 2061 in
922 2005 987 2082 ipso
1011 2004 1156 2064 orationis

21 2106 149 2164 exordio
171 2105 254 2176 dico,
283 2121 343 2164 non
372 2126 432 2184 quo
455 2106 552 2164 virum
576 2106 866 2170 excellentissimum
891 2107 947 2178 ita,
970 2113 1004 2164 ut
1023 2125 1078 2183 par
1100 2114 1155 2179 est,

23 2207 154 2266 audem:
186 2227 287 2287 neque
315 2209 394 2265 enim
415 2207 466 2264 hic
487 2207 572 2265 locus
594 2207 652 2266 hoc
679 2215 887 2284 argumentum
909 2209 1009 2285 capit:
1045 2207 1100 2266 sed
1122 2215 1156 2268 ut

21 2309 109 2385 legis
133 2309 363 2369 clementissimi
386 2307 530 2366 iudicium
545 2309 721 2387 praedicem
738 2318 769 2368 et
790 2309 944 2368 extollam.
989 2308 1083 2367 Aliud
1105 2330 1153 2368 su·

21 2419 130 2486 aerest,
164 2409 245 2490 quod
266 2411 317 2468 vel
343 2430 411 2468 cum
436 2411 573 2489 periculo
597 2412 771 2470 offensionis
799 2412 824 2470 si
845 2433 905 2470 non
929 2409 1154 2491 explicandum,

21 2521 95 2570 :erte
120 2511 335 2590 attingendum
355 2512 484 2573 videtur.
520 2515 599 2572 Nam
617 2534 656 2574 ex
676 2515 763 2572 initio
783 2514 1008 2588 honestissimo,
1032 2534 1072 2572 ex
1092 2533 1153 2573 me-

22 2616 108 2672 noria
143 2615 300 2674 ecclesiae
331 2634 386 2692 per
413 2616 576 2674 Martinam
604 2615 770 2674 Lutberum
800 2617 961 2674 restitutae
987 2617 1046 2674 hoc
1074 2637 1153 2676 anno

22 2715 193 2775 academico
213 2718 338 2775 incunte
360 2737 379 2774 a
402 2716 650 2776 Germanicarum
669 2718 901 2776 universitatum
923 2719 1051 2778 alumnis
1074 2719 1152 2778 cele·

22 2825 112 2890 orata,
134 2819 207 2898 quia
230 2820 261 2876 in
281 2819 343 2879 illis
363 2818 560 2878 sollemnibus
576 2819 727 2898 quaedam
743 2819 933 2893 acciderant,
955 2841 1034 2900 quae
1057 2822 1088 2878 in
1105 2841 1152 2880 re-

22 2918 248 2992 prehensionem
281 2921 484 2996 incurrerent,
513 2921 622 2998 ingens
643 2923 891 2982 universitatibus
914 2923 1083 2982 scholarum
1107 2924 1152 2982 in·

22 3018 97 3077 vidia
125 3023 279 3080 concitata
304 3032 365 3096 cst,
392 3022 474 3102 apud
496 3044 550 3084 nos
572 3043 645 3082 vero
668 3024 797 3083 tumultu
823 3024 951 3104 quodam
974 3035 1077 3102 aucta,
1100 3028 1153 3106 qui

22 3119 108 3197 Regis
131 3124 227 3203 ipsius
250 3126 459 3203 perspicacem
481 3126 612 3184 animum
634 3125 819 3186 adverterat.
855 3128 933 3186 Tum
956 3148 1029 3186 vero
1054 3130 1151 3208 quiin

23 3218 71 3278 bac
93 3226 182 3302 regia
202 3225 277 3286 urbe
297 3227 348 3285 vel
372 3226 611 3286 adolescentium
634 3228 751 3308 aliquot
771 3228 941 3305 licentiam,
962 3249 1042 3308 quae
1064 3230 1151 3288 facil·

23 3319 92 3382 limis
113 3326 258 3386 remediis
282 3329 434 3407 compesci
456 3335 572 3405 potest,
595 3331 692 3388 maius
714 3331 825 3388 malum
848 3352 937 3410 quam
959 3331 1078 3389 litteras
1098 3331 1149 3389 bo·

23 3443 85 3482 num
112 3449 180 3487 esse
206 3429 388 3504 censebant,
418 3431 469 3488 vel
491 3432 595 3489 nescio
620 3453 695 3511 quas
719 3432 755 3491 ob
780 3453 886 3491 causas
910 3452 970 3490 nou
993 3433 1149 3491 ferendam

23 3521 93 3585 bano
113 3530 291 3589 eruditionis
310 3531 494 3610 palaestram
510 3533 610 3591 adhuc
624 3534 727 3593 multis
749 3535 898 3592 insuetam
916 3533 1149 3606 arbitrabantur,

24 3644 160 3690 rumorem
187 3629 224 3691 de
247 3633 461 3692 transferenda
483 3635 534 3694 vel
555 3633 688 3693 delenda
715 3635 819 3694 schola
843 3643 947 3696 nostra
969 3635 1149 3696 studiosissi-

23 3745 64 3784 me
92 3743 281 3810 sparserunt,
310 3756 349 3793 ne
381 3737 555 3794 reverentia
583 3736 720 3815 quidem,
750 3758 829 3817 quae
849 3738 987 3817 Principi
1012 3738 1149 3814 debetur,

26 3826 184 3908 observata,
206 3855 297 3914 quum
314 3837 430 3914 Regem
457 3840 740 3912 constantissimum,
763 3839 835 3898 dum
857 3849 924 3899 eum
947 3839 984 3899 dc
1005 3841 1051 3914 iis,
1070 3862 1149 3921 quae

26 3945 93 3991 anno
119 3945 190 3996 ante
219 3947 387 4011 sanxerat,
404 3917 615 3999 rescindendis
642 3941 776 4017 cogitare
806 3943 1023 4018 ementiuntur,
1052 3945 1147 4003 mani·

27 4026 110 4094 festae
132 4039 355 4098 inconstantiae
372 4041 592 4102 insimularent.
637 4041 700 4102 Sed
719 4043 749 4100 iu
774 4064 810 4102 ea
832 4064 879 4117 re,
902 4043 940 4102 de
963 4067 1024 4124 qua
1046 4047 1148 4106 dicere

26 4127 129 4212 incepi,
149 4140 327 4218 Principum
349 4143 478 4218 optimus
498 4163 560 4201 non
583 4152 699 4202 tantum
722 4137 907 4225 aequitatem
929 4146 1148 4228 lenitatemque

29 4249 186 4299 consuetam
215 4243 438 4321 comprobavit,
467 4243 634 4303 sedetiam
657 4266 747 4326 quam
768 4249 883 4324 peritus
909 4247 1148 4307 adolescentium

28 4335 197 4402 existimator
214 4353 312 4416 esset,
335 4344 511 4424 planissime
528 4345 676 4420 ostendit,
700 4349 752 4427 qui
774 4369 833 4407 non
855 4333 1007 4428 tamquam
1023 4350 1054 4407 in
1077 4371 1146 4409 con·

28 4428 119 4500 iuratos
140 4443 456 4521 animadvertendum,
479 4447 533 4507 sed
546 4449 675 4507 iuvenili
693 4450 883 4526 ingeniorum
905 4448 1005 4508 ardori
1029 4449 1144 4531 aliquid
