2800 4976
605 205 623 263 7

519 289 712 298 ...ι-ι...-

26 414 86 451 ros
120 412 192 452 suos
218 392 339 451 discere
368 401 399 452 et
426 411 504 470 qnos
532 392 564 450 in
592 391 681 452 ludos
709 393 787 452 itare
815 392 946 467 vellent,
975 393 1179 454 instituerunt.

26 496 129 554 Haec
160 514 260 567 nova,
288 513 368 572 quae
395 502 518 573 praeter
546 493 796 554 consuetudinem
826 514 862 554 ac
893 514 1004 554 morem
1035 497 1179 555 maiorum

25 599 131 669 fiunt,
152 615 255 674 neque
276 595 402 673 placent
422 613 526 672 neque
546 605 632 654 recta
655 593 826 654 videntur.“
859 595 927 654 Hoc
946 596 1060 656 Romae
1083 597 1180 656 libera

26 719 67 757 re
96 697 221 776 publica
244 696 339 756 semel
360 705 452 776 atque
471 697 579 754 iterum
600 697 727 756 factum:
750 695 879 775 Spartae
901 697 1085 776 temporibus
1104 700 1179 776 opti·

26 803 97 860 mis
119 819 276 878 nunquam
294 818 355 856 non
369 797 572 857 observatum.
605 799 702 876 Igitur
714 798 894 876 prudentiae
908 798 1077 878 viriumque
1089 801 1182 878 plena

26 901 291 980 breviloquentia
314 900 464 974 contenti,
488 920 567 980 quae
587 921 648 959 non
662 900 833 974 Laconum,
854 899 909 960 sed
923 902 1056 960 Doricae
1079 902 1180 980 stirpis

26 1005 165 1083 propria
199 1010 279 1075 erat,
311 1021 463 1080 quamque
493 1022 560 1060 cum
594 1003 718 1080 Argivis
747 1003 878 1061 maxime
909 1001 1180 1077 communicabant,

28 1105 285 1184 aspernabantur
309 1111 429 1180 compta
450 1103 506 1162 illa
529 1113 560 1162 61
572 1105 660 1183 quasi
675 1104 838 1181 unguentis
851 1103 1098 1164 delibutaiactae
1115 1123 1179 1162 ora·

27 1208 133 1266 tionis
152 1207 397 1264 incantamenta:
422 1206 515 1282 igitur
529 1206 646 1264 nullum
665 1205 746 1284 apud
763 1224 816 1264 eos
834 1203 1012 1264 reconditae
1035 1214 1066 1264 et
1087 1204 1180 1264 subli-

27 1311 96 1366 mis
114 1308 299 1386 sapientiae,
314 1307 432 1366 nullum
446 1327 546 1367 rerum
567 1315 722 1384 gestarum
743 1307 926 1385 posteritatis
941 1306 1103 1366 memoriae
1119 1326 1181 1365 ser·

28 1431 130 1470 mene
154 1410 292 1487 eleganti
313 1408 528 1468 tradendarum
555 1408 701 1468 studium:
726 1408 817 1486 igitur
844 1427 943 1488 neque
972 1407 1011 1468 dc
1033 1417 1181 1468 astrorum

29 1514 141 1590 positu
166 1519 197 1570 et
216 1510 360 1585 motibus,
382 1531 483 1590 neque
505 1510 542 1570 de
557 1509 737 1588 geometria,
760 1519 812 1568 aut
826 1509 973 1582 numeris,
994 1519 1047 1570 aut
1063 1511 1181 1586 litteris,

34 1624 94 1674 aut
117 1613 299 1688 harmoniis,
323 1621 376 1670 aut
397 1612 564 1690 rhythmis,
585 1610 641 1670 sed
663 1610 701 1670 de
723 1611 847 1686 heroum
865 1610 1064 1684 facinoribus,
1085 1611 1123 1670 (16
1140 1613 1180 1670 ci·

32 1716 189 1775 vitatibus
214 1713 284 1773 olim
308 1712 452 1786 conditiS,
473 1712 511 1772 de
532 1711 733 1791 prudentibus
757 1713 901 1772 institutis
924 1720 954 1770 61
970 1711 1089 1790 legibus
1105 1713 1181 1793 Hip·

34 1821 122 1897 piam
156 1816 324 1896 sophistam
364 1813 562 1874 disserentem
599 1814 816 1873 auscultarunt.
868 1813 1050 1892 Sculpturae
1079 1822 1182 1875 tamen

35 1921 166 1979 habitus
191 1917 300 1989 honos,
329 1916 366 1975 ob
393 1917 554 1975 simulacra
576 1915 701 1975 deorum
722 1915 964 1994 templorumque
987 1916 1181 1993 religionem:

33 2041 143 2100 neque
164 2018 312 2097 ignobilia
338 2018 462 2076 nomina
480 2017 685 2098 Doryclidae,
710 2019 849 2089 Dentae,
874 2015 1062 2090 Callicratis,
1090 2019 1182 2098 Spar·

34 2134 185 2182 tenorum
207 2120 364 2178 artificum.
408 2119 475 2178 Nec
502 2127 623 2197 spretae
649 2139 717 2176 cum
740 2119 903 2178 saltatione
922 2119 1037 2178 musice
1057 2127 1088 2178 et
1108 2139 1181 2197 poe·

37 2227 99 2283 sis:
125 2242 232 2282 verum
252 2221 333 2299 quod
350 2222 426 2280 nihil
445 2223 533 2280 citius
548 2221 700 2300 altiusque
717 2221 824 2280 animis
842 2219 1011 2298 puerilibus
1027 2220 1182 2296 insinuari,

36 2327 119 2385 nihil
141 2322 276 2383 moribus
303 2331 355 2380 aut
383 2321 581 2382 emendandis
609 2331 661 2380 aut
688 2320 894 2400 depravandis
922 2323 1018 2399 magis
1045 2323 1182 2382 conferre

38 2428 278 2497 arbitrarentur,
309 2445 398 2502 quam
419 2434 515 2483 motus
541 2424 674 2502 corporis
705 2432 757 2482 ant
784 2421 935 2483 modestos
963 2432 1015 2482 aut
1041 2423 1183 2497 lascivos,

38 2546 249 2606 numerosque
274 2534 304 2584 et
326 2525 428 2585 modos
456 2526 509 2585 vel
531 2545 655 2585 severos
679 2533 710 2583 et
736 2545 861 2602 graves,
890 2525 941 2584 vel
963 2525 1048 2584 leves
1074 2544 1109 2583 ac
1131 2525 1183 2584 fri·

38 2632 149 2706 voles,
175 2629 321 2705 religiose
350 2636 510 2700 caverunt,
539 2647 578 2686 ne
606 2646 667 2706 qua
689 2628 791 2704 prisca
813 2647 928 2686 morum
947 2625 1110 2706 disciplina
1136 2627 1183 2685 his

40 2733 161 2792 artibus
180 2729 393 2788 detrimentum
416 2737 548 2807 caperet.
582 2727 775 2808 Quapropter
790 2726 856 2788 sola
877 2728 1039 2787 saltatione
1059 2748 1183 2808 gymno·

40 2834 193 2914 paedica,
214 2831 344 2890 omnium
360 2830 551 2890 sedatissima
567 2839 597 2890 et
613 2829 865 2904 moderatissima,
886 2851 922 2888 ac
938 2829 1102 2910 pyrrhicha
1114 2829 1183 2888 Ari·
1213 2833 1215 2838 '

41 2947 174 2996 stoxeno
198 2942 322 2992 auctore
345 2933 382 3013 ab
404 2933 479 3012 ipsis
505 2934 645 3005 inventa,
668 2952 729 3010 qua
751 2931 864 2990 bellica
885 2930 1109 2990 meditabantur
1130 2952 1183 2991 ne·

41 3040 145 3117 gotia,
174 3057 193 3094 a
216 3035 321 3114 quinto
348 3036 458 3094 aetatis
487 3055 566 3094 anno
595 3035 712 3093 institui
738 3053 849 3111 pueros
870 3033 1046 3092 voluerunt:
1076 3034 1183 3093 molles
1251 3071 1257 3086 .

43 3150 148 3199 autem
170 3140 245 3196 istos
265 3137 362 3196 flexus
384 3137 512 3210 Ionicos,
535 3136 734 3214 protervitate
753 3155 808 3194 sua
827 3134 1017 3210 nobilitatos,
1042 3135 1184 3195 exsulare

43 3245 74 3301 in
97 3247 280 3320 perpetuum
300 3239 461 3298 iusserunt.
505 3239 542 3296 In
564 3239 680 3296 musica
707 3246 807 3296 autem
834 3257 938 3297 cascos
960 3235 1205 3316 amplectebang

43 3353 92 3402 tur
114 3339 290 3417 Terpandri
310 3339 429 3414 modos,
453 3340 562 3420 quibus
585 3338 738 3418 descripta
751 3338 931 3417 disciplinae
944 3339 1086 3417 publicae
1097 3358 1184 3417 prae-

46 3452 137 3522 cepta
158 3450 318 3521 putantur:
343 3461 444 3521 neque
472 3442 620 3500 immerito
646 3439 854 3518 gloriabantur
876 3460 944 3499 sese
967 3440 1099 3498 omnium
1121 3439 1184 3497 diu·

45 3547 162 3605 tissime
186 3544 298 3603 veteris
320 3543 449 3602 musices
473 3541 625 3602 obstitisse
647 3541 858 3620 depravationi
879 3562 934 3626 per
956 3540 1118 3601 Graeciam
1141 3541 1184 3599 in-

46 3657 166 3706 vectae.
214 3643 307 3703 06116
327 3644 372 3702 rei
392 3643 603 3702 documentum
629 3644 784 3722 publicum
812 3643 907 3702 fertur
930 3643 1102 3716 decretum,
1125 3663 1184 3722 quo

49 3747 321 3806 animadverterint
342 3747 373 3804 in
396 3746 589 3805 Timotheum
609 3746 777 3819 Milesium,
808 3745 955 3804 artificem
977 3746 1088 3803 aetatis
1111 3765 1185 3803 suae

49 3849 263 3920 clarissimum,
285 3849 351 3928 qui,
377 3868 468 3926 quum
497 3845 636 3926 Spartam
665 3848 817 3921 venisset,
846 3855 877 3906 61
905 3848 1014 3926 spretis
1041 3848 1185 3926 antiquae

49 3952 155 4010 Musae
178 3957 295 4027 septem
318 3947 438 4008 chordis
464 3947 606 4008 undecim
630 3949 711 4007 sonis
733 3969 862 4026 canens,
888 3968 941 4027 pro
966 3949 1096 4029 simplici
1117 3949 1185 4006 har-

50 4053 148 4111 monia
175 4051 277 4109 varios
307 4059 337 4110 et
359 4051 547 4109 effeminatos
574 4051 734 4109 chromatis
760 4049 865 4110 modos
891 4049 1078 4124 induxisset,
1101 4051 1185 4109 iuve-

50 4173 196 4233 numque,
218 4159 253 4210 ut
276 4152 373 4211 estin
398 4151 536 4224 decreto,
566 4153 750 4229 corrupisset
771 4171 875 4226 aures,
904 4161 996 4232 atque
1023 4151 1104 4211 idem
1128 4150 1185 4211 Oe·

50 4255 123 4313 reris
145 4253 325 4312 Eleusiniae
346 4252 426 4311 ludis
448 4253 584 4312 fabulam
604 4273 708 4330 parum
738 4254 848 4313 decore
871 4252 1022 4313 adornans
1046 4253 1187 4313 Semelae

52 4355 171 4414 dolores
193 4353 348 4414 docuisset
368 4373 493 4432 pueros:
517 4373 535 4411 a
555 4355 692 4432 Regibus
708 4363 737 4414 61
751 4355 881 4432 Ephoris
899 4355 1101 4432 reprehensus
1119 4373 1187 4413 6666
