2800 4976
769 191 810 254 26

218 381 280 440 lem
294 399 362 440 esse
383 380 485 457 istius,
500 377 554 461 qui
570 383 718 456 omnium,
739 390 888 464 quotquot
903 383 1039 456 fuerunt,
1063 390 1279 461 tyrannorum
1295 386 1350 464 pr'

221 503 294 561 ceps
311 483 403 543 etiam
421 483 452 542 in
473 495 570 544 semet
592 485 657 563 ipse
681 483 777 543 diram
799 484 879 544 banc
901 483 1068 544 exercebat
1091 484 1303 567 tyrannidem
1326 507 1355 544 cu

220 583 372 664 pidinum,
396 585 427 644 in
449 586 582 645 maxima
604 585 674 646 olim
696 588 834 666 potentia
850 586 1118 666 impotentissimus
1139 589 1244 647 animi
1270 589 1356 647 miser

221 687 386 767 rimusque.
433 687 474 748 At
498 689 529 746 in
556 689 643 766 regia
670 697 771 748 mente
799 689 877 747 ratio
913 697 1032 748 ceteras
1061 688 1218 766 gubernat
1250 701 1370 768 partes

221 797 332 870 parent
354 809 421 848 cum
443 789 601 850 iracundia
624 790 823 868 cupiditates:
846 790 917 848 hinc
933 790 1099 870 sapientia,
1123 793 1296 870 aequitas,
1318 814 1354 851 ms

223 889 354 968 deratio;
383 891 455 950 binc
484 889 647 951 concordia
668 913 783 953 summa
809 891 866 952 sub
888 891 1014 951 rationis
1033 892 1185 970 regimine
1213 893 1303 970 leni3
1325 915 1372 973 pos

222 1001 332 1054 stremo
351 993 456 1053 diviua
467 1014 589 1073 prorsus
611 997 761 1054 serenitas
780 994 933 1074 rebusque
959 995 1010 1054 vel
1032 993 1172 1054 adversis
1193 993 1368 1076 tranquilli·

222 1103 278 1156 tas.
321 1095 371 1154 Ita
396 1116 497 1156 nonne
523 1096 674 1158 Friderici
698 1095 843 1157 Guilelmi
867 1098 968 1156 anima
990 1095 1166 1156 beatissima
1191 1107 1376 1194 comparata,

224 1209 284 1272 est,
312 1199 431 1257 ratione
458 1207 585 1272 cuncta,
615 1200 680 1259 sine
706 1200 750 1257 ira
777 1206 808 1258 et
836 1197 934 1258 studio
957 1199 1107 1275 gerentis,
1132 1219 1170 1258 ac
1191 1221 1262 1259 non
1289 1200 1377 1284 ruodo,

223 1299 384 1373 subiectis,
407 1321 513 1359 verum
536 1299 594 1359 sibi
616 1300 892 1380 cupiditatibusque
909 1302 971 1360 suis
992 1301 1191 1379 imperantis?

306 1403 393 1462 Deus
415 1401 536 1481 Optime
554 1401 704 1480 Maxime,
728 1423 796 1462 oum
816 1403 868 1480 pia
890 1404 1088 1462 veneratione
1109 1403 1317 1481 appellamus
1338 1415 1379 1492 te,

224 1504 274 1563 cui
295 1504 474 1564 felicitatem
493 1511 608 1563 tantam
626 1503 787 1564 referimus
804 1514 972 1584 acceptam.
1006 1505 1056 1564 Tu
1070 1504 1157 1564 uobis
1174 1506 1380 1590 Fridericnn,

225 1604 411 1666 Guilelmum
431 1627 492 1666 non
512 1605 601 1666 modo
625 1605 751 1679 dedisti,
774 1606 829 1665 sed
853 1607 999 1666 effinxisti
1018 1606 1126 1678 talem,
1150 1607 1284 1686 qualem
1308 1628 1368 1667 sese

225 1708 349 1768 suiset
375 1707 440 1768 orbi
468 1717 615 1768 terrarum
642 1709 810 1786 praestitit:
847 1717 880 1768 tu
907 1717 1025 1768 atroces
1052 1709 1127 1767 istas
1154 1710 1367 1789 immanesque

224 1819 379 1884 catervas,
392 1831 475 1890 ¹quae
492 1811 530 1869 ad
545 1811 687 1870 Russiam
704 1809 930 1890 opprimendam
946 1809 1103 1890 profectae
1121 1821 1226 1884 erant,
1245 1813 1368 1890 frigore,

225 1911 320 1986 fame,
346 1912 427 1972 ferro
457 1911 614 1972 delevisti:
651 1921 684 1972 tu
710 1921 795 1972 tanto
822 1911 972 1991 supplicio
993 1913 1025 1971 in
1045 1912 1218 1972 mortalium
1243 1924 1369 1992 pectora

224 2013 409 2074 revocavisti
427 2015 589 2092 pietatem,
612 2032 720 2072 seusus
740 2011 957 2086 nobilissimos,
978 2014 1097 2092 patriae
1119 2005 1265 2091 ibprimis
1291 2037 1369 2074 anro-

224 2135 289 2175 rem
310 2116 468 2190 excitasti,
496 2115 729 2176 confirmavisti:
755 2123 910 2174 tutantes
933 2123 1056 2195 tamque
1079 2116 1261 2192 praeclaros
1284 2117 1367 2177 nobis

226 2217 396 2278 conciliasti
421 2219 537 2294 socios,
560 2219 791 2298 principumque
820 2217 934 2276 anirnos
956 2215 996 2275 ad
1018 2217 1210 2276 concordiam
1234 2221 1367 2280 flexisti:

226 2329 259 2378 tu
279 2319 346 2398 ipse
365 2339 421 2400 per
438 2323 638 2382 instrumenta
659 2319 737 2379 haec
753 2318 934 2378 clementiae
949 2327 1020 2379 tuac
1036 2327 1137 2378 tantas
1159 2322 1289 2396 gessisti
1312 2341 1367 2380 res.

225 2421 305 2480 'I'um
327 2421 413 2481 salve
435 2431 483 2497 tu,
504 2424 574 2482 Rex
597 2422 750 2495 laureata,
771 2420 856 2480 ouius
879 2421 1023 2500 auspiciis
1042 2420 1100 2480 hoc
1122 2419 1239 2480 bellum
1267 2443 1366 2483 susoc-

224 2531 309 2603 ptum
328 2544 364 2583 ac
386 2525 578 2604 profligatum
594 2533 655 2597 est3
677 2523 779 2597 salve,
800 2532 831 2583 et
852 2524 884 2582 in
902 2531 1068 2584 extremam
1086 2532 1280 2584 senectutem
1301 2528 1368 2584 vive

225 2625 307 2704 apud
333 2645 388 2685 nos
415 2626 589 2699 incolumis,
617 2625 704 2685 felix.
749 2623 875 2686 Salvete
902 2645 969 2698 vos,
992 2624 1104 2685 milites
1127 2623 1285 2706 ducesque
1313 2628 1367 2686 for·

224 2728 347 2802 tissimi,
375 2747 502 2806 quorum
528 2727 684 2786 laboribus
713 2725 748 2786 ct'
770 2728 918 2805 sanguine
942 2726 1022 2786 bona
1042 2726 1130 2786 nobis
1156 2747 1274 2786 summa
1303 2749 1368 2789 cum

225 2831 326 2909 pacali
354 2830 424 2889 olea
451 2827 611 2908 redempta
637 2837 721 2906 suut;
752 2828 871 2888 salvete
906 2826 1141 2903 commilitones,
1168 2830 1284 2907 quiex
1313 2832 1367 2889 hac

226 2931 393 2992 studiorum
416 2931 571 3009 palaestra
597 2931 629 2990 in
653 2930 815 3011 ampliores
836 2931 1020 3008 proeliorum
1043 2951 1165 3010 campos
1190 2933 1297 2992 emissi
1323 2952 1366 2991 rc·

227 3033 313 3093 distis
347 3053 428 3092 nuuc
457 3033 557 3110 gloria
585 3033 711 3094 victrice
743 3034 851 3092 ornati.
895 3033 937 3091 Et
964 3033 1016 3112 qui
1045 3033 1254 3111 exspirarunt,
1282 3033 1366 3093 beati

224 3143 304 3197 suut.
349 3135 448 3195 Nemo
472 3134 542 3194 illos
563 3135 696 3196 lacrimis
716 3134 855 3195 decoret:
887 3155 1013 3214 corpora
1033 3135 1194 3214 quiescunt
1216 3135 1247 3193 in
1270 3156 1365 3214 pace,

225 3239 316 3298 animi
338 3237 462 3310 vivunt,
492 3237 570 3296 vivit
588 3257 699 3296 nomen
727 3256 764 3295 ao
790 3237 876 3296 vivet
896 3256 952 3316 per
972 3257 1025 3296 ora
1045 3236 1212 3296 hominum:
1234 3247 1366 3316 nepotes

226 3341 286 3400 seri
306 3340 427 3399 illorum
450 3339 551 3399 colent
571 3347 706 3399 sanctam
726 3341 908 3400 memoriam.

310 3443 468 3502 Postremo
489 3461 611 3520 precor,
635 3448 668 3500 ut
685 3441 772 3501 Deus
792 3443 908 3520 Regem
935 3440 1206 3519 sapientissimum,
1238 3441 1366 3500 iustissi-

225 3565 319 3620 mum,
349 3544 633 3615 clementissimum,
660 3544 895 3622 Principemque
923 3542 1010 3620 regui
1037 3540 1182 3601 heredem
1205 3544 1364 3620 magnani-

226 3668 306 3706 mum
324 3667 391 3706 eum
408 3647 553 3706 universa
569 3646 655 3706 domo
672 3645 814 3724 Augusta
829 3653 946 3718 servet,
969 3650 1071 3702 servet
1087 3643 1192 3721 populi
1208 3643 1365 3704 Borussici

208 3749 331 3822 orobur,
353 3748 495 3827 gloriam,
517 3750 662 3824 virtutes;
684 3756 786 3808 servet
806 3765 915 3825 pacem
936 3745 1081 3805 bonorum
1104 3746 1249 3819 omnium,
1271 3747 1364 3805 etiam

227 3851 335 3908 artium
354 3849 584 3930 litterarumque
604 3851 753 3909 nutricem
775 3849 894 3908 almam.
933 3847 1021 3925 Quae
1039 3854 1111 3905 vota
1126 3846 1169 3905 its
1188 3855 1254 3905 rata
1270 3847 1364 3906 faciat

227 3971 373 4010 summum
394 3971 523 4025 numen,
543 3959 576 4010 ut
598 3959 669 4010 sunt
692 3971 710 4009 a
730 3949 818 4008 nobis
837 3949 981 4027 religiose
1003 3947 1095 4007 sacta.

655 4203 931 4212 ---—---—-———
