2800 4976
690 245 885 348 ff„

214 461 305 524 quam
324 441 456 502 maxime
480 441 540 501 coli
562 461 581 500 a
604 442 778 502 civitatibus
805 441 952 517 debeant,
972 442 1106 522 reposita
1126 463 1196 502 esse
1220 465 1285 504 meo
1305 445 1345 503 iu-

215 545 294 604 dicio
310 553 457 626 nequeat,
477 545 584 624 paucis
600 543 773 618 declaravi,
796 544 967 622 auditores3
986 552 1021 604 ut
1039 553 1187 623 quantum
1207 546 1273 605 fieri
1287 568 1344 605 ora·
1380 559 1382 598 ἒ

214 648 298 708 tione
318 655 436 726 potest,
459 667 519 727 qua
538 667 599 706 non
619 647 679 706 nisi
699 648 801 727 capita
824 646 974 727 quaedam
998 646 1181 726 decerpere,
1204 649 1280 706 nihil
1300 669 1346 706 co-

213 750 301 828 piose
331 757 361 809 et
390 747 544 808 subtiliter
572 747 728 826 explicare
754 749 879 829 suisque
909 749 1029 809 firmare
1058 751 1246 826 argumentis
1271 751 1345 819 licet
1378 738 1381 796 l

214 870 365 930 quaenam
392 849 472 909 inter
500 869 564 910 rem
590 849 744 928 publicam
767 851 946 929 litterasque
975 851 1148 910 coniunctio
1174 851 1348 915 intercedat,

213 961 297 1013 recte
329 951 570 1027 consideremus,
602 953 800 1031 repetendum
830 951 935 1030 paullo
970 953 1063 1011 altius
1096 951 1234 1011 videtur.
1276 955 1346 1012 Nam

215 1053 296 1133 apud
317 1054 544 1134 antiquissimos
568 1053 702 1114 Orientis
722 1054 867 1135 populos,
889 1055 942 1134 qni
968 1055 1073 1114 tenuia
1100 1055 1273 1114 litterarum
1292 1057 1348 1133 pri·
1382 1050 1383 1070 ¹

213 1155 331 1216 mordia
350 1157 547 1228 invenerunt,
571 1155 719 1236 quidquid
738 1156 894 1216 doetrinae
917 1165 998 1230 erat,
1021 1176 1172 1215 unacum
1192 1177 1292 1216 rerum
1305 1156 1347 1214 di-

215 1260 352 1318 vinarum
380 1277 452 1318 cura
479 1267 597 1318 constat
617 1278 713 1336 penes
737 1257 911 1318 sacerdotes
932 1259 1041 1318 fuisse:
1065 1257 1252 1318 documento
1272 1260 1350 1317 locu-

214 1361 306 1439 pleti,
339 1359 473 1419 divinam
501 1380 569 1420 esse
597 1359 777 1420 eruditionis
809 1361 956 1438 originem
983 1362 1094 1420 visam:
1129 1381 1191 1442 quo
1222 1370 1349 1439 tempore
1379 1377 1380 1380 ’

215 1461 343 1522 eruditio
373 1481 434 1520 non
462 1470 524 1520 tam
552 1481 570 1520 a
600 1463 725 1522 civitate
746 1470 872 1540 recepta
894 1471 926 1522 et
947 1462 1010 1521 alta
1033 1471 1092 1536 est,
1121 1481 1217 1541 quam
1239 1464 1350 1542 inipso
1379 1486 1385 1536 ff

205 1564 347 1632 ¹civitatis
374 1571 523 1643 prytaneo
551 1573 705 1646 tamquam
733 1585 820 1624 sacra
841 1565 956 1624 Vestae
983 1564 1103 1622 flamma
1126 1573 1159 1623 et
1179 1565 1350 1624 vitalisrei
1380 1536 1381 1570 ¹

214 1665 356 1745 publicae
389 1685 463 1724 aura
491 1687 607 1726 summa
639 1687 706 1727 cum
735 1667 910 1726 reverentia
943 1675 974 1725 et
1004 1665 1154 1743 religione
1190 1667 1348 1726 collocate.

215 1768 314 1846 Quem
344 1766 490 1848 deinceps
525 1769 691 1828 cultissima
721 1767 907 1830 Graecorum
934 1769 1018 1827 natio
1046 1787 1085 1827 ex
1112 1768 1168 1826 illo
1200 1768 1299 1850 adyto
1326 1771 1353 1827 in
1381 1756 1383 1780 ⁴

213 1869 313 1938 lucem
342 1877 373 1928 et
401 1879 595 1950 conspectum
624 1871 777 1930 hominum
801 1869 959 1949 produxit,
988 1890 1028 1929 ex
1058 1890 1117 1948 quo
1150 1873 1352 1930 materiama

214 1969 424 2031 sacerdotibus
445 1968 485 2028 ed
505 1981 612 2050 poetas
631 1971 809 2032 translatam
831 1991 982 2050 excepere
1001 1972 1090 2050 primi
1109 1971 1292 2052 philosophi
1313 1993 1353 2032 re·
1382 1976 1386 2076 l

213 2093 340 2154 rumque
360 2073 536 2150 scriptores,
555 2073 607 2152 qui
625 2074 738 2134 fabulis
755 2075 835 2134 inter
850 2093 884 2134 se
899 2072 1066 2152 dispertitis
1089 2073 1180 2132 alteri
1201 2075 1353 2155 physices,
1381 2079 1397 2123 l

214 2175 304 2234 alteri
331 2173 477 2234 historiae
506 2175 594 2234 initia
621 2175 694 2236 inde
725 2175 903 2236 elicuerunt.
947 2175 997 2234 Ita
1019 2174 1131 2234 factum
1153 2185 1219 2251 est,
1250 2187 1287 2236 ut
1309 2177 1355 2235 do·
1386 2228 1388 2257 ,

215 2278 347 2350 ctrinae,
370 2295 497 2356 quarum
519 2277 590 2335 olim
612 2277 776 2338 seminibus
800 2275 991 2336 sacerdotum
1014 2275 1146 2354 collegia
1168 2296 1239 2336 rem
1261 2279 1354 2357 publi·
1383 2259 1387 2324 l

215 2401 281 2439 cam
303 2381 401 2457 ipsam
423 2388 583 2454 rexerant,
604 2379 760 2440 imminuta
780 2377 964 2463 sacerdotali
985 2379 1166 2438 auctoritate
1186 2400 1207 2438 a
1233 2379 1356 2441 deorum
1385 2356 1387 2426 l

215 2480 390 2540 ministeriis
410 2488 591 2558 segregatae
613 2481 700 2561 quasi
715 2480 833 2540 liberae
855 2489 1056 2559 vagarentur,
1078 2500 1136 2540 nec
1159 2501 1259 2560 quum
1285 2483 1355 2542 diri·

214 2603 321 2642 narum
341 2601 442 2642 rerum
463 2583 613 2642 institutio
634 2584 778 2643 universa
796 2583 827 2642 in
854 2583 1046 2643 caerimoniis
1066 2583 1176 2662 partim
1199 2587 1357 2645 sacrifico-

216 2686 312 2745 lorum
334 2685 444 2764 partim
469 2684 653 2746 familiarum
674 2706 766 2746 curae
787 2683 907 2744 traditis
926 2693 1114 2760 versaretur,
1133 2684 1266 2764 publica
1290 2708 1355 2748 vero

216 2787 379 2865 disciplina
400 2787 493 2845 solam
516 2788 652 2847 musicen
673 2796 704 2848 et
727 2789 860 2867 corporis
884 2788 1135 2849 exercitationem
1154 2791 1355 2868 comprehen·
1385 2845 1387 2896 ,

217 2889 323 2962 deret,
344 2889 474 2966 publicis
493 2889 637 2966 impensis
661 2888 892 2950 adiuvarentur:
922 2891 1011 2950 immo
1033 2897 1081 2964 ut,
1103 2887 1186 2970 quod
1211 2893 1354 2972 supersti-

216 2993 315 3050 tiones
337 2990 460 3068 publice
480 2992 613 3051 sancitas
634 2992 866 3071 oppugnabant,
888 2993 1052 3072 impietatis
1073 2990 1203 3052 subinde
1231 2995 1355 3054 circum·
1388 2989 1389 3033 ἶ

216 3093 393 3153 venirentur
417 3093 552 3153 crimine.
597 3094 688 3155 Unde
706 3096 733 3154 si
753 3115 812 3155 nec
832 3095 972 3154 civitates
992 3113 1095 3175 neque
1116 3093 1243 3155 litterae
1268 3097 1353 3156 detri-
1386 3125 1388 3174 3

215 3205 349 3256 mentum
375 3204 536 3274 ceperunt,
564 3197 641 3256 haec
661 3199 819 3274 potissima
842 3216 935 3256 causa
957 3197 1018 3272 est,
1044 3194 1125 3276 quod
1148 3203 1234 3256 artes
1259 3197 1354 3258 bonae

216 3319 272 3357 sua
299 3300 432 3377 ipsarum
458 3299 648 3377 praestantia
675 3299 891 3378 amplissimum
918 3306 948 3357 et
970 3299 1169 3358 clarissimum
1191 3319 1353 3381 quemque,

218 3410 249 3460 et
272 3401 323 3481 qui
346 3398 427 3480 apud
449 3419 517 3459 suos
538 3400 699 3478 plurimum
721 3400 855 3474 valeret,
875 3401 919 3458 ita
941 3400 1127 3472 allexerunt,
1150 3407 1275 3460 utnon
1298 3421 1350 3462 mo·

218 3501 255 3560 do
285 3501 383 3560 doctis
406 3502 517 3561 eximie
538 3502 674 3576 faveret,
698 3523 798 3582 neque
819 3503 892 3561 ullis
914 3501 1081 3580 sumptibus
1109 3502 1141 3559 in
1167 3502 1232 3562 illis
1257 3523 1351 3564 remu-

219 3602 363 3662 nerandis
383 3612 538 3681 parceret,
556 3603 612 3664 sed
627 3603 817 3664 doctissimus
832 3605 899 3683 ipse
920 3612 1016 3679 esset,
1034 3612 1065 3661 et
1079 3602 1161 3683 quod
1179 3623 1217 3662 ea
1237 3606 1349 3664 omniuo

217 3705 299 3765 illius
327 3707 436 3764 aetatis
463 3706 632 3766 liberalitas
664 3715 742 3782 erat,
770 3715 804 3766 ut
833 3706 885 3786 qui
912 3705 1003 3765 rebus
1032 3703 1176 3782 gerendis
1200 3708 1349 3766 excellere
1395 3733 1397 3792 l

217 3807 349 3882 vellent,
376 3805 554 3866 eruditionis
576 3809 732 3887 elegantia
759 3817 791 3868 et
813 3807 952 3866 ubertate
974 3808 1085 3866 ceteris
1105 3827 1174 3866 sese
1196 3817 1347 3886 praestare

218 3906 331 3966 debere
348 3907 575 3968 arbitrarentur.
606 3909 695 3988 Quod
712 3909 764 3968 ubi
787 3909 867 3982 dico,
887 3929 949 3967 non
962 3908 1128 3984 Periclem,
1149 3907 1346 3977 Alcibiadem,

219 4007 359 4083 Critiam,
385 4010 624 4070 Demosthenem
649 4011 785 4091 appello,
815 4011 866 4091 qui
895 4011 926 4069 in
957 4010 1133 4089 republica
1160 4008 1344 4078 Atheniensi,

219 4111 315 4169 omnis
342 4111 464 4187 generis
495 4111 663 4171 litterarum
692 4123 835 4192 parente,
866 4133 981 4172 summa
1010 4113 1145 4171 assecuti
1177 4119 1264 4172 sunt:
1299 4104 1344 4168 sed

219 4211 300 4292 apud
321 4213 401 4291 ipsos
417 4213 584 4290 Romanoa,
602 4214 780 4275 bellicosum
800 4215 960 4294 populum,
982 4233 1100 4292 exque
1122 4213 1231 4272 cultior
1254 4209 1341 4272 erudi-

217 4314 260 4372 tio
291 4313 483 4373 disseminari
511 4325 620 4394 coepta
649 4325 709 4390 est,
744 4317 811 4396 quis
838 4317 938 4376 nescit
959 4335 1054 4394 prope
1075 4315 1227 4373 neminem
1250 4314 1341 4379 fuisse,

218 4416 270 4494 quui
301 4416 392 4476 rebus
425 4417 566 4494 gerendis
596 4417 852 4478 immortalitatem
879 4417 1008 4476 nominis
1034 4415 1181 4497 consequi
1207 4415 1339 4482 studeret,
