2800 4976
568 273 609 335 29

493 362 695 370 —-—-—-—-——-—

10 465 167 524 meruerit
194 484 231 522 ac
258 470 362 522 nostra
388 460 565 522 Fridericus
592 460 778 538 Guilelmns3
807 469 841 521 ut
868 481 908 544 er
936 461 1161 541 comparatione

10 567 157 646 exempli
170 565 359 638 nobilissimi,
372 565 398 624 si
413 564 479 624 fieri
493 585 548 642 per
563 585 660 624 meam
676 565 855 624 tenuitatem
869 572 980 644 potest,
996 561 1160 624 conditoris

10 689 47 726 ac
75 669 220 748 parentis
242 667 336 725 nostri
362 666 479 744 gloriae
505 667 712 727 accessionem
742 686 886 746 quaeram
903 665 1157 745 qualemcunque.

101 769 268 828 Albertum
296 767 381 842 dico,
416 767 625 840 Marchionem
649 767 994 846 Brandenburgensem‚
1029 766 1157 843 primum

10 871 138 930 Ducem
174 871 353 943 Borussiac,
390 870 443 949 qui
477 870 535 930 sibi
569 869 728 928 academia
754 869 999 948 Regiomontsna
1034 866 1158 927 condita

10 973 235 1031 aeternitatem
253 972 383 1030 nominis
405 971 603 1051 comparavit.
638 972 669 1030 Is
690 971 771 1030 filius
786 969 950 1042 Friderioi,
973 969 1159 1028 Marchionis

12 1072 275 1148 Onolsbacensis,
302 1092 399 1152 nepos
427 1071 549 1132 Alberti
577 1073 726 1146 Achillis,
758 1073 810 1152 qui
838 1079 869 1131 et
893 1071 1022 1152 Ulysses
1050 1071 1158 1142 dictus,

10 1176 166 1254 principis
191 1175 362 1256 aequalium
389 1176 521 1234 omnium
544 1175 698 1234 fortissimi
719 1194 755 1233 ac
775 1173 971 1246 validissimi,
999 1182 1159 1253 postquam

13 1276 169 1336 Coloniae
201 1277 471 1356 Agrippinensium
504 1275 650 1336 Canonici
682 1275 862 1354 dignitatem
895 1283 1072 1354 acceperat,
1100 1295 1159 1355 quo

12 1388 156 1457 tempore
178 1387 295 1456 patrem
316 1388 438 1438 secutus
456 1379 488 1437 in
503 1380 646 1438 comitatu
663 1379 858 1457 Imperatoris
874 1376 1078 1437 Maximiliani
1094 1386 1160 1436 erat

12 1481 141 1539 ltaliam
168 1489 230 1538 tum
261 1477 458 1551 debellantis,
487 1481 618 1540 maxime
645 1480 791 1539 loachimi
817 1479 971 1549 Nestoris,
1004 1479 1158 1538 Electoris

13 1581 342 1660 Brandenburgensis,
370 1582 492 1641 hortatu
526 1591 556 1641 et
590 1582 770 1641 auctoritate
799 1601 893 1640 annos
927 1589 1016 1640 natus
1049 1582 1159 1660 viginti

14 1685 169 1762 Magister
186 1685 319 1764 equiturn
334 1685 571 1743 'santonicorum
594 1683 708 1742 ordinis
730 1683 890 1763 hospitalis
909 1683 1019 1742 beatae
1039 1683 1157 1742 Mariae

14 1787 321 1866 Iiierosolymitanae
344 1795 478 1845 creatur:
502 1787 550 1844 vir
570 1794 725 1844 auctorum
748 1783 865 1844 invidia
887 1794 917 1843 et
935 1786 1034 1863 gratia
1057 1785 1157 1844 famae

17 1887 220 1968 cupiditatem
243 1897 401 1968 expertus,
425 1886 505 1969 quod
529 1889 594 1946 eius
615 1907 665 1947 res
687 1907 705 1946 a
731 1886 859 1947 diversis
883 1896 935 1946 aut
958 1886 1027 1946 odio
1050 1887 1156 1965 impla-

17 1991 110 2050 cabili
138 1991 338 2070 compositae,
364 1998 417 2049 aut
441 1988 549 2048 studiis
571 1989 670 2049 nimiis
694 1989 867 2049 celebratas
888 1998 967 2050 sunt.
1001 1989 1159 2050 Excelluit

15 2091 382 2176 Albertusfortitudine,
409 2092 540 2170 pietate,
563 2091 767 2166 humanitate,
793 2091 972 2152 clementia:
1009 2100 1157 2162 strenuus,

15 2195 151 2272 integer,
182 2193 330 2274 prudens,
353 2193 522 2253 modestus:
554 2195 668 2252 amicus
689 2191 784 2266 fidus,
808 2195 839 2252 in
862 2194 1003 2272 coniugio
1023 2192 1156 2252 stabilis:

17 2297 156 2356 ordinum
186 2296 318 2355 civitatis
348 2295 527 2374 dignitatem
554 2297 703 2355 reveritus
732 2295 910 2354 collationes
938 2303 968 2354 et
991 2295 1157 2373 vectigalia

16 2419 74 2456 non
96 2399 160 2458 nisi
180 2397 297 2456 abillis
320 2417 464 2458 concessa
487 2399 607 2476 exegit,
630 2418 666 2456 ac
688 2397 838 2477 principio
853 2397 999 2475 Magister
1023 2398 1157 2476 equitum

19 2521 83 2559 curn
110 2499 274 2560 nobilitato
297 2508 327 2559 et
354 2500 474 2580 oppidis
498 2501 588 2560 etiam
610 2499 686 2558 belli
714 2508 745 2557 et
765 2499 851 2578 pacis
875 2497 1094 2579 foederumque
1119 2519 1155 2558 ac

17 2601 209 2680 legationum
232 2602 299 2660 iura
321 2602 568 2661 communicavit:
607 2609 740 2660 ceterum
764 2601 795 2658 in
822 2621 856 2659 re
881 2599 1004 2679 publica
1028 2601 1154 2660 admini·

18 2704 143 2764 stranda
166 2703 362 2785 consiliisque
381 2705 571 2778 inconstans,
591 2702 807 2777 familiaribus,
826 2701 935 2782 quibus
951 2703 1020 2783 plus
1041 2701 1154 2763 tribue-

17 2805 68 2864 bat
94 2827 188 2887 quam
216 2807 359 2884 princeps
386 2805 493 2879 debet,
520 2803 688 2884 regendum
714 2825 748 2865 se
783 2804 939 2884 praebuit3
969 2805 1157 2885 principatus

20 2906 202 2987 capessendi
221 2908 443 2986 potestatisque
466 2906 625 2985 augendae
643 2905 761 2967 avidior
782 2908 935 2968 subiectos
956 2907 1036 2968 mole
1058 2907 1154 2968 bello-

18 3029 80 3068 rum
105 3029 228 3089 pressos
253 3009 372 3070 tributis
401 3010 556 3070 oneravit:
590 3011 670 3070 inter
697 3009 801 3069 turbas
828 3009 935 3070 civiles
963 3010 1154 3091 partiumque

21 3110 205 3185 discordias,
229 3111 376 3172 nobilium
395 3113 576 3191 praesertim
598 3119 629 3171 et
651 3119 817 3188 aratorum,
839 3112 1025 3193 aequitatem
1047 3133 1153 3192 parurn

21 3215 170 3289 servavit,
199 3211 392 3292 optimatibus
412 3215 509 3292 magis
537 3212 677 3288 studens,
701 3233 760 3294 quo
782 3213 894 3273 tributa
915 3213 1060 3274 libentius
1083 3235 1152 3274 con·

22 3315 177 3391 cederent,
200 3315 451 3394 tranquillitatem
472 3317 582 3376 mentis
602 3315 824 3396 suspicionibus
845 3336 882 3376 ac
903 3315 1065 3375 formidine
1084 3337 1152 3394 per·

22 3417 132 3478 turbari
155 3438 262 3497 passus
286 3427 348 3477 est:
371 3426 522 3496 postremo
543 3418 650 3497 religio
672 3419 704 3476 in
724 3418 970 3496 superstitionem
993 3437 1083 3477 versa
1104 3439 1150 3478 se-

21 3537 85 3577 nem
109 3519 294 3578 imbecillum
320 3519 478 3579 fraudibus
500 3521 626 3598 magicis
648 3520 809 3599 implicuit,
832 3520 985 3579 hominnm
1004 3519 1150 3580 scelesto-

21 3639 95 3695 rum,
115 3621 343 3701 peregrinorum
366 3621 510 3695 maxime,
536 3623 709 3701 praestigiis
733 3620 946 3682 deludendum.
991 3621 1073 3681 Sane
1094 3622 1152 3682 hoc

22 3723 187 3802 principum
202 3722 399 3782 infortunium
417 3721 498 3782 haud
520 3723 604 3798 leve,
626 3722 706 3803 quod
729 3723 755 3782 si
773 3723 824 3783 vel
842 3723 996 3783 minimum
1011 3734 1151 3802 peccant,

24 3843 76 3900 quo
102 3827 199 3904 magis
229 3833 299 3909 sunt
326 3825 496 3904 conspicui,
519 3834 602 3884 tanto
625 3825 722 3884 maius
743 3824 885 3884 habetur:
917 3834 948 3884 et
969 3845 1048 3906 quae
1068 3825 1148 3885 bene

23 3935 193 4000 gesserunt,
217 3946 320 3986 eorum
341 3925 447 3986 honori
465 3926 646 4002 detrahitur,
671 3925 751 4006 quod
774 3925 919 3986 commodi
937 3948 999 3987 non
1019 3949 1149 3988 commu-

24 4026 65 4084 nis
86 4027 141 4088 sed
162 4029 209 4087 sui
232 4049 324 4088 causa
344 4037 489 4108 putantur
511 4029 632 4091 fecisse.
666 4030 708 4088 Et
724 4028 843 4088 Alberti
863 4028 985 4110 quidem
1009 4029 1147 4089 condicio

23 4133 77 4187 tarn
103 4138 170 4190 erat
191 4151 304 4209 anceps
328 4141 358 4190 et
383 4130 490 4204 dubia,
519 4139 553 4190 ut
576 4131 671 4190 multa
693 4151 748 4190 sua
775 4150 867 4189 causa
889 4131 991 4190 facere
1014 4130 1148 4206 deberet,

26 4248 95 4307 quae
114 4233 206 4310 longa
223 4241 253 4291 et
275 4233 349 4292 satis
371 4233 547 4292 confirmata
566 4233 704 4311 potentia
725 4251 868 4310 spernere
891 4233 1012 4310 impune
1034 4241 1147 4312 potest:

26 4333 70 4408 qui
96 4355 186 4415 quum
215 4334 362 4412 Magister
391 4335 524 4414 equitum
553 4355 608 4412 per
635 4333 782 4394 tredecim
811 4354 906 4393 annos
932 4332 1047 4393 bellum
1081 4355 1148 4394 curn

26 4430 138 4495 Polonis
160 4437 319 4512 gessisset,
338 4444 497 4515 postquam
518 4456 596 4514 pace
610 4435 693 4496 facta
709 4456 913 4516 oppressoque
930 4435 1036 4506 ordina
1056 4455 1147 4517 eque·
