2800 4976
568 811 639 891 IV.

16 978 167 1052 Oratio
203 978 245 1050 in
279 976 519 1052 dedicatione
546 977 804 1053 universitatis
832 976 1039 1052 litterariae
1061 979 1176 1052 Bero-

68 1104 251 1180 linensis
279 1105 314 1178 d.
340 1129 512 1180 xxv1.m.
537 1105 656 1206 April.
681 1133 714 1179 a.
734 1128 956 1182 mccccxvu.
985 1105 1128 1179 habita.

110 1380 226 1458 Quam
248 1399 311 1438 rem
334 1380 425 1458 longo
448 1401 487 1439 ex
503 1389 637 1459 tempore
657 1382 736 1442 votis
758 1379 998 1458 flagrantissimis
1019 1380 1176 1458 expetive·

16 1504 126 1542 ramus
155 1492 192 1542 et
217 1480 369 1542 desiderio
389 1502 502 1541 summo
519 1492 824 1561 exspectaveramus,
843 1483 889 1541 vir
911 1480 1178 1556 excellentissime,

16 1587 80 1644 viri
107 1585 258 1644 illustres
282 1592 312 1642 et
336 1583 540 1658 celeberrimi,
560 1585 778 1644 commilitones
797 1583 994 1660 ornatissimi;
1017 1603 1055 1644 ea
1075 1601 1124 1641 res
1145 1583 1177 1640 in

21 1687 126 1745 oculis
153 1687 271 1745 nostris
294 1705 349 1763 per
371 1685 510 1744 homines
530 1687 731 1764 amplissimos
753 1707 833 1744 nunc
856 1686 953 1764 ipsum
978 1692 1048 1744 acta
1069 1703 1177 1762 precor

23 1809 41 1845 a
63 1789 139 1845 Deo
166 1785 295 1866 Optimo
317 1788 451 1846 Maximo
479 1794 514 1844 ut
540 1787 665 1847 scholae
688 1797 809 1847 nostrae
832 1797 863 1847 et
881 1788 926 1846 rci
946 1785 1089 1865 publicae
1112 1785 1177 1844 uni·

25 1909 141 1948 versae
176 1890 294 1962 fauste,
320 1886 452 1946 feliciter
479 1908 686 1968 prospereque
713 1890 846 1948 eveniat.
892 1889 994 1948 Tanta
1024 1887 1104 1946 enim
1131 1894 1177 1946 est

25 2001 114 2049 actus
143 1991 240 2048 huius
262 1989 414 2066 gravitas,
436 1996 522 2049 tanta
544 1990 621 2068 legis
644 1991 731 2050 nobis
751 1989 882 2050 traditae
903 1992 950 2050 vis
973 2010 1009 2049 ac
1031 1997 1176 2068 potestas,

27 2101 61 2150 ut
90 2093 120 2150 si
148 2091 206 2150 ille
230 2090 309 2150 bene
338 2099 370 2150 et
397 2111 464 2150 eum
486 2090 592 2150 divina
613 2112 671 2170 ope
691 2093 847 2171 perfectus
872 2093 925 2167 sit,
948 2092 973 2150 si
1000 2091 1077 2150 haec
1099 2111 1174 2149 nun·

27 2213 123 2272 quarn
146 2213 213 2251 non
241 2191 386 2269 religiose
409 2192 589 2253 observetur
610 2213 647 2252 ac
666 2194 846 2268 retineatur,
868 2193 1052 2252 universitas
1073 2200 1178 2251 nostra

28 2294 187 2353 litteraria
209 2295 250 2352 sit
264 2294 388 2353 firmiter
402 2296 581 2369 constituta,
601 2303 632 2354 et
647 2293 761 2354 tamdiu
776 2294 884 2354 illaesa
900 2313 1056 2368 mansura,
1073 2313 1175 2372 quam-

30 2395 82 2454 diu
102 2416 213 2454 rerum
226 2395 421 2456 humanarum
443 2397 677 2456 onmiumfluxa
698 2405 729 2456 et
749 2397 867 2475 fragilis
888 2395 1025 2456 condicio
1047 2397 1176 2473 patitur:

34 2499 80 2556 sin
109 2499 261 2556 memoria
281 2497 369 2556 huius
391 2497 452 2558 diei
475 2497 658 2571 aboleverit,
682 2507 735 2557 aut
755 2498 807 2558 lex
829 2498 1020 2558 sanctissima
1039 2497 1175 2575 negliga-

34 2608 100 2672 tur,
121 2599 348 2676 perfringatur,
372 2607 543 2674 evertatur,
565 2608 628 2658 tum
645 2599 765 2658 demum
786 2619 886 2658 rerum
907 2606 1075 2659 nostrarum
1093 2597 1176 2657 salus

37 2700 67 2757 in
86 2700 266 2759 discrimine
286 2708 434 2760 versetur.
477 2699 596 2778 Quodsi
614 2702 682 2760 Deo
704 2709 867 2780 praesente
888 2701 965 2760 baec
985 2700 1038 2760 lex
1059 2700 1177 2760 sancita

38 2809 99 2874 est,
121 2822 187 2860 non
207 2802 320 2880 poterit
341 2801 408 2860 sine
423 2802 492 2862 Dec
511 2802 655 2862 rescindi.
700 2803 870 2863 Dedicatur
891 2801 983 2862 hodie
1002 2801 1111 2864 litteris
1129 2821 1176 2860 se·

39 2900 106 2974 des,
137 2923 219 2984 quae
241 2911 357 2980 septem
380 2905 467 2964 annis
490 2903 568 2962 inter
589 2905 691 2963 varias
713 2903 936 2964 vicissitudines
957 2904 1058 2963 locum
1080 2911 1178 2964 tutata

42 3006 284 3081 experimentum
306 3005 353 3063 sui
375 3003 473 3065 dedit:
498 3025 557 3085 quo
574 3005 624 3064 die
639 3025 696 3082 ego
710 3006 770 3064 huc
786 3015 927 3078 vocatus,
950 3015 983 3064 ut
1004 3005 1086 3084 quod
1104 3005 1178 3064 mihi

42 3124 79 3162 cx
98 3127 132 3165 re
149 3106 320 3180 videretur,
343 3108 449 3184 paucis
473 3105 667 3181 dissererem,
690 3107 779 3166 simul
795 3115 828 3166 ut
842 3107 921 3185 Regi
937 3116 1063 3185 augusto
1085 3107 1177 3166 bene·

44 3206 102 3264 licii
124 3209 156 3266 in
179 3229 234 3266 nos
258 3207 362 3267 collati
384 3217 488 3285 grates
511 3227 649 3286 agerem,
673 3228 856 3289 quamquam
876 3209 949 3267 mihi
971 3217 1090 3286 tempus
1109 3227 1177 3284 per-

46 3308 186 3386 exiguum
216 3329 392 3369 concessum
420 3317 450 3368 et
475 3311 564 3387 quasi
592 3309 631 3368 ad
655 3330 764 3389 aquam
791 3309 952 3369 dicendum
974 3317 1034 3382 est,
1059 3309 1099 3368 ad
1120 3310 1177 3368 sol·
1260 3301 1262 3310 ¹

45 3407 185 3470 lemnium
209 3410 389 3488 dignitatem
416 3413 584 3487 argumenti
605 3413 792 3490 praestantia
808 3399 923 3491 'aliqua
947 3418 1094 3489 exparte
1117 3420 1178 3470 stu-

50 3507 118 3569 dens
145 3512 311 3585 accedere,
339 3511 480 3589 religioni
511 3511 588 3572 duco
617 3513 707 3574 dere
729 3512 793 3572 ulla
813 3511 914 3572 dicere
938 3531 1028 3591 quam
1052 3511 1089 3570 dc
1111 3513 1180 3590 ipsa

51 3609 173 3670 instituti
195 3613 368 3690 gravissimi
387 3613 520 3685 ratione,
543 3615 595 3694 qui
617 3615 700 3690 finis,
726 3613 807 3693 quod
829 3615 981 3692 ingenium
1006 3614 1046 3674 sit
1068 3612 1178 3672 doctri·

51 3731 102 3770 nae
122 3713 365 3794 disciplinaeque
382 3713 587 3790 academicae,
604 3715 676 3795 quid
687 3717 757 3776 Rex
772 3715 1013 3792 sapientissimus
1028 3715 1060 3773 in
1074 3714 1185 3774 schola¹

51 3809 102 3870 hac
123 3817 230 3874 artium
253 3814 414 3874 condenda
435 3816 566 3875 maxime
591 3825 747 3893 spectasse
768 3816 925 3889 videatur,
947 3815 1080 3897 denique
1106 3816 1180 3896 quid

51 3913 130 3974 nobis
158 3917 272 3976 lactum
301 3925 332 3976 et
357 3917 485 3994 posthac
517 3917 691 3976 faciendum
719 3918 773 3991 sit,
801 3938 861 3996 quo
890 3917 983 3977 studii
1009 3917 1179 3978 litterarum

54 4011 139 4076 indoli
159 4019 369 4099 voluntatique
387 4019 491 4096 regiae
512 4019 625 4096 optimc
645 4019 893 4098 respondeamus.
938 4020 979 4079 Et
996 4021 1123 4098 primum
1139 4041 1179 4080 ne

54 4133 210 4194 exponam,
236 4118 346 4198 quibus
376 4120 470 4179 initiis
493 4119 670 4199 causisque,
692 4129 853 4201 postquam
872 4120 943 4182 labe
963 4129 1129 4200 temporum
1150 4129 1181 4180 et

54 4217 131 4276 ruina
146 4221 329 4294 civitatium,
352 4221 513 4298 ingruente
528 4220 687 4300 paullatim
703 4221 865 4302 tyrannide
881 4223 1021 4294 funesta,
1043 4242 1105 4302 qua
1119 4242 1180 4280 non

56 4319 132 4380 modo
160 4342 301 4401 corpora,
331 4309 400 4382 sed
419 4321 511 4380 animi
540 4323 599 4400 ipsi
627 4322 723 4382 vincti
750 4331 781 4382 et
807 4324 963 4382 constricti
988 4321 1179 4396 tenebantur,

59 4436 117 4478 mcx
136 4423 316 4501 populorum
337 4422 532 4483 barbarorum
559 4424 781 4484 incursionibus
803 4424 971 4485 litterarum
993 4422 1075 4502 apud
1095 4430 1179 4483 vete·
