2800 4976
580 239 613 298 ll

23 427 144 504 exiguis
177 427 349 505 praestanti
379 426 516 488 homines
546 427 669 505 ingenio
703 427 742 486 ad
771 429 917 488 musicum
945 428 1002 488 hoc
1036 427 1169 490 studium

21 549 139 586 summa
162 549 229 587 cum
250 530 445 588 contentione
468 548 537 588 sese
560 528 772 607 applicabant;
794 551 852 590 nec
876 529 1009 590 concidit
1027 549 1076 590 ars
1099 551 1164 592 sce·

20 632 86 688 nica
111 631 218 710 prius,
246 650 338 708 quam
361 630 530 689 exhaustae
556 650 629 708 opes
655 632 700 689 rei
728 631 870 710 publicae
898 631 1099 712 fortunaeque
1122 635 1163 692 ci·

17 732 98 790 vium
123 739 306 791 attenuatae
326 751 388 791 non
410 732 471 790 iam
492 751 582 810 pares
607 741 710 792 essent
731 733 885 793 immensis
904 733 966 794 illis
988 735 1019 792 in
1042 753 1164 794 scenam

18 833 88 891 olim
111 833 206 892 factis
228 833 383 912 impensis.
428 833 511 912 Quid
536 853 609 894 vero
635 833 673 893 de
695 835 827 894 oratoria
854 834 952 894 dicam
974 835 1163 896 Athenarum

18 935 82 994 fere
106 934 258 1012 propria?
301 936 382 994 Num
405 954 443 994 ea
463 955 597 1016 unquam
619 957 639 994 a
666 937 767 1016 prisca
794 937 944 996 tenuitate
971 939 1163 1016 pervenisset

16 1035 53 1092 ed
73 1057 244 1110 summum,
273 1037 334 1096 nisi
365 1037 397 1094 in
421 1035 542 1096 iudiciis
565 1047 596 1098 et
615 1037 805 1096 contionibus
826 1047 907 1097 osset
928 1037 1035 1096 culta?
1079 1037 1162 1116 Quid

15 1137 237 1217 philosophia?
281 1139 363 1198 Num
383 1138 526 1198 Socrates
547 1138 586 1198 de
600 1138 710 1200 finibus
731 1138 877 1198 bonorum
898 1139 1096 1214 etmalorum,
1123 1140 1161 1200 de

16 1238 186 1298 virtutibus
209 1240 372 1320 vitiisque,
401 1239 440 1298 de
470 1227 594 1315 o'fficiis,
627 1239 665 1300 de
696 1241 741 1300 rei
769 1241 910 1319 publicae
940 1239 1161 1318 gubernatione

15 1349 103 1400 tanta
122 1341 302 1406 subtilitate
321 1342 539 1422 quaesivisset,
562 1351 593 1402 et
613 1343 782 1422 sapientiae
811 1341 942 1402 studium
970 1341 1008 1400 ab
1034 1342 1159 1422 indaga·

15 1444 99 1502 tione
124 1463 229 1503 rerum
255 1443 390 1503 tenebris
412 1451 540 1503 naturae
567 1443 766 1504 obductarum
793 1443 833 1503 ad
856 1445 950 1503 vitam
973 1465 1160 1504 communem

16 1547 165 1624 aequasi
188 1546 220 1604 in
241 1547 420 1606 societatem
449 1545 600 1604 homiuum
620 1545 813 1606 deduxisset:
842 1566 914 1604 num
938 1565 995 1624 par
1015 1547 1159 1624 magistro

17 1646 189 1727 discipulus
218 1647 308 1706 Plato
337 1667 438 1706 rerum
464 1645 634 1706 divinarum
664 1647 923 1727 humanarumque
957 1649 1160 1725 cognitionem
1236 1715 1242 1726 ·

17 1749 79 1807 alta
102 1757 206 1808 mente
229 1757 310 1808 esset
337 1748 529 1828 complexus,
557 1749 655 1828 iisqne
677 1747 853 1808 tradidisset
876 1749 1035 1808 verborum
1055 1750 1159 1808 illeoc-

17 1850 96 1924 hris,
120 1850 248 1930 quibus,
277 1870 338 1929 quo
365 1851 495 1928 quisque
523 1859 570 1910 est
598 1850 781 1929 elegantior,
810 1869 846 1908 eo
874 1851 992 1930 eapitur
1012 1853 1108 1928 magis
1129 1860 1160 1910 et

19 1951 188 2012 detinetur:
220 1973 293 2012 num
322 1951 498 2010 Aristotelis
521 1952 629 2030 ingens
657 1961 687 2012 et
719 1953 881 2030 perspicax
910 1952 1026 2010 animus
1056 1952 1159 2013 orbem

16 2053 226 2113 doctrinarum
255 2055 430 2112 universum
460 2073 599 2112 emensus
629 2063 726 2113 esset:
753 2075 825 2112 num
857 2054 889 2111 hi
920 2054 1071 2112 triumviri
1097 2075 1158 2114 uon

16 2155 105 2214 modo
127 2155 260 2234 gentiles
280 2164 342 2214 tam
359 2153 495 2213 Graecos
511 2175 602 2233 quam
615 2156 783 2230 Romanos,
807 2155 861 2214 sed
877 2153 1070 2214 Christianae
1086 2155 1158 2214 fidei

15 2257 156 2316 homines
178 2277 233 2334 per
254 2275 357 2315 omnes
378 2263 494 2314 aetates
515 2257 566 2315 vel
588 2257 817 2316 obscurissimas
832 2257 1012 2316 auctoritate
1034 2276 1089 2316 sua
1105 2255 1156 2316 ‹le-

16 2361 138 2418 vinetos
160 2359 331 2418 tenuissent
353 2377 389 2415 ac
405 2365 545 2417 tenerent
566 2357 735 2438 hodieque,
758 2359 784 2416 si
808 2356 962 2417 decretum
984 2358 1046 2416 tale
1060 2357 1157 2417 Athe·

16 2462 63 2518 nis
81 2462 235 2534 stetisset,
258 2458 341 2539 quali
361 2457 484 2518 decreto
497 2458 640 2536 Spartani
657 2460 852 2518 Timotheum
870 2459 1021 2518 Milesium
1036 2468 1158 2518 notasse

17 2562 182 2622 feruntur?
220 2559 311 2637 Quod
332 2579 424 2639 quum
445 2559 613 2640 Sophocles
634 2560 849 2638 Amphiclidae
869 2561 1029 2621 Sunieusis
1044 2569 1157 2620 tentas-

18 2675 76 2738 set,
95 2665 163 2722 lata
174 2663 263 2740 lege,
285 2670 338 2737 „ut
347 2661 521 2741 philosophi
537 2662 655 2722 scholas
671 2683 710 2722 ne
731 2663 899 2740 aperirent,
916 2663 974 2720 uisi
990 2663 1015 2721 si
1032 2663 1158 2722 Senatui

17 2766 200 2846 Populoque
227 2763 409 2823 Atheniensi
437 2763 616 2840 placuisset:
652 2766 705 2843 qui
733 2784 820 2824 secus
855 2765 996 2835 fecisset,
1026 2763 1158 2843 capitale

18 2869 137 2943 esset;“
163 2868 208 2924 ita
227 2866 256 2924 ei
277 2866 370 2925 cessit
389 2865 486 2938 male,
507 2873 540 2923 ut
561 2885 640 2924 anno
656 2866 828 2946 insequenti
848 2866 1053 2924 Athenienses
1069 2865 1156 2924 abro-

17 2979 89 3046 gata
110 2969 182 3046 lege
204 2968 339 3046 quinque
364 2989 432 3026 eum
453 2966 577 3026 talentis
599 2968 776 3042 multarent,
798 2968 989 3045 reditumque
1012 2966 1157 3027 decerne·

17 3079 84 3129 rent
102 3069 303 3148 philosophis.
345 3070 455 3148 Itaque
478 3089 570 3147 quum
592 3069 642 3128 vel
662 3071 791 3128 amissae
807 3069 957 3129 libertatis
972 3069 1157 3148 temporibus

18 3171 176 3249 indignum
196 3170 351 3230 videretur
378 3170 449 3228 hnic
478 3171 607 3248 populo,
634 3179 729 3230 artem
750 3170 844 3229 ullam
869 3171 920 3228 vel
940 3170 1086 3248 proscribi
1108 3171 1157 3229 vol

20 3273 156 3332 cohiberi
172 3271 307 3348 legibus,
330 3270 418 3330 modo
440 3291 479 3330 ne
502 3272 610 3349 religio
632 3273 733 3350 patria
754 3273 935 3332 violaretur:
959 3271 1041 3350 quod
1055 3272 1156 3331 multis

20 3374 185 3446 obiectum,
214 3374 278 3432 iure
305 3373 388 3446 aliis,
415 3381 448 3431 ut
466 3373 652 3450 Protagorae
677 3372 861 3446 Abderitae,
888 3375 955 3431 aliis
977 3374 1101 3446 iniuria,
1124 3383 1157 3432 ut

19 3476 225 3552 Anaxagorae
245 3483 275 3533 et
294 3475 428 3534 Socrati:
453 3473 527 3552 quid
545 3475 650 3532 mirum
661 3474 895 3534 Atheniensium
914 3474 1018 3533 urbem
1034 3473 1156 3534 dicendi

21 3587 49 3635 et
66 3577 238 3636 litterarum
260 3575 413 3634 officinam
431 3577 624 3654 omniumque
646 3575 866 3634 laudandorum
888 3577 998 3634 artium
1017 3577 1156 3636 extitisse

21 3679 200 3758 emporium,
221 3697 258 3736 ac
281 3675 437 3735 doctrinae
459 3675 566 3751 laude,
587 3678 767 3754 praesertim
784 3697 802 3734 a
816 3678 944 3737 Periclis
962 3685 1073 3750 aetate,
1090 3686 1154 3736 tan·

20 3788 77 3838 tum
97 3780 260 3838 eminuisse
286 3779 364 3836 iuter
386 3786 503 3836 ceteros
527 3777 677 3852 Graecos,
699 3787 733 3836 ut
754 3779 870 3838 ocellus
891 3777 1040 3838 Graeciae
1063 3787 1155 3858 atque

21 3881 126 3940 Hellas
149 3879 293 3938 Helladis
317 3887 347 3938 et
369 3887 453 3938 esset
474 3887 504 3936 et
527 3878 704 3938 diceretur?

101 3982 192 4040 Nunc
214 3982 305 4057 igitur
327 3979 379 4038 ubi
402 3981 564 4060 quaeritis,
590 3989 658 4038 utra
681 3981 787 4040 civitas
810 3981 856 4038 his
877 3981 1011 4058 legibus,
1040 3981 1087 4040 his
1110 3985 1153 4041 iu·

21 4085 128 4142 stitutio
154 4090 185 4141 et
213 4082 345 4142 moribus
376 4080 494 4158 degerit
519 4081 657 4154 felicius,
683 4083 793 4161 partim
815 4087 939 4160 magnos
961 4083 1030 4142 illos
1052 4085 1154 4161 legum

24 4184 190 4243 conditores
211 4204 263 4260 ea,
284 4202 345 4264 qua
367 4181 472 4256 decet,
499 4184 674 4242 reverentia
700 4202 903 4262 prosequens,
931 4185 1041 4262 partim
1063 4187 1154 4264 aequi

23 4286 125 4344 iudicis
137 4285 276 4359 laudem,
299 4285 387 4363 siqua
405 4291 464 4356 est,
481 4285 607 4362 cupiens
619 4286 839 4362 maximopere,
854 4293 1013 4365 utramque
1028 4306 1153 4363 respon·

25 4387 90 4464 deo,
112 4387 181 4446 dum
204 4387 390 4464 legislatoris
412 4385 565 4446 voluntati
584 4393 614 4445 et
636 4386 771 4446 consiliis
793 4385 1031 4464 obtemperaret,
1054 4407 1153 4467 acque
