2800 4976
787 237 827 298 50

709 323 912 334 ι--υ-ι-ι-

243 431 355 490 sensim
377 437 408 490 et
429 426 617 506 pedetentim
634 428 778 499 removit,
799 445 836 485 ac
855 425 1015 485 stultitiam
1035 434 1210 505 temporum
1235 424 1309 484 sale
1328 445 1382 501 per·

243 533 359 604 fricuit,
386 531 452 609 ipse
478 549 605 608 magnus
627 529 694 587 sine
719 527 810 588 dubio
833 535 868 586 ut
888 525 1071 600 studiorum,
1096 527 1142 586 sic
1161 547 1273 586 rerum
1296 546 1381 584 sacru-

242 655 306 693 rum
331 632 508 690 reformator
536 633 673 702 futurus,
700 631 760 690 nisi
781 629 875 688 iocari
905 649 995 708 quam
1022 630 1101 688 serio
1124 647 1237 710 agere,
1266 635 1302 686 et
1324 647 1381 706 pras

244 735 409 794 ambitione
430 753 466 792 ac
489 732 651 792 timiditate
674 733 804 809 gratiam
826 739 982 810 potentum
1002 731 1148 809 aucupari
1170 750 1302 811 suaque
1326 750 1381 788 con-

242 839 311 897 silia
334 835 373 895 ad
395 836 497 894 aliena
519 853 716 913 componere,
738 853 829 912 quam
853 833 983 912 simplici
1007 853 1043 890 ac
1064 833 1137 891 forti
1159 833 1287 904 animo,
1317 851 1380 909 quar

242 939 300 999 sibi
320 947 405 998 recta
424 936 620 1010 viderentur,
644 935 747 995 dicere
767 934 979 1015 praetulisset:
997 954 1055 1012 quo
1076 934 1203 1008 factum,
1221 943 1261 991 ut
1277 935 1379 992 neutris

242 1041 389 1122 placeret.
434 1039 499 1096 Iam
520 1046 620 1096 autem
641 1057 732 1117 quum
755 1036 946 1096 sacerdotum
970 1045 1001 1096 et
1022 1035 1245 1095 monachorum
1273 1035 1378 1094 inertia

243 1127 351 1216 luxus,
370 1141 517 1212 avaritia,
542 1139 637 1198 libido
653 1139 785 1198 omnium
807 1139 965 1216 adspectui
984 1145 1140 1216 paterent,
1162 1139 1195 1194 in
1220 1138 1296 1216 ipso
1316 1136 1377 1194 Con

244 1244 314 1303 cilio
336 1243 541 1301 Lateranensi
562 1242 687 1300 Ioannis
708 1241 867 1300 Francisci
886 1240 954 1299 Pici
975 1240 1110 1298 oratione
1131 1239 1318 1299 luculenter
1340 1237 1377 1295 de-

243 1347 372 1422 scripta,
396 1363 487 1424 quum
503 1353 665 1421 praetcrea
688 1342 907 1402 Germanorum
928 1341 1083 1420 principes
1104 1341 1222 1400 tributa
1247 1361 1269 1399 a
1289 1341 1376 1399 Ponti·

242 1448 300 1506 fice
324 1453 435 1506 exacta
453 1446 569 1504 ferrent
587 1445 770 1522 aegerrime,
793 1463 830 1502 ac
846 1444 968 1503 summis
985 1442 1136 1502 ecclesiae
1155 1442 1375 1520 magistratibus

242 1552 343 1608 Deum
362 1546 601 1606 Christianorum
617 1547 700 1620 Iove,
718 1545 870 1606 Christum
886 1544 1032 1624 Apolline
1049 1552 1079 1603 et
1097 1544 1304 1622 Aesculapio,
1323 1546 1373 1602 hla-

240 1660 317 1710 trem
339 1649 497 1726 Virginem
519 1649 621 1708 Diana
643 1671 704 1708 non
727 1649 860 1727 potiores
882 1647 989 1706 haberi
1014 1647 1198 1706 testimoniis
1221 1646 1373 1726 locupleti-

240 1753 297 1813 bus
321 1759 489 1810 constaret:
517 1752 605 1811 novis
626 1749 717 1810 rebus
740 1749 871 1808 feliciter
893 1747 1053 1808 moliendis
1076 1748 1153 1808 nihil
1180 1748 1250 1807 fere
1282 1747 1373 1806 deerat

240 1855 301 1913 nisi
331 1853 451 1912 occasio
480 1861 664 1932 opportuna,
693 1872 783 1932 quam
805 1860 983 1932 quaestores
1009 1850 1123 1910 Leonis
1153 1858 1184 1910 et
1207 1849 1373 1909 Cardinalis

240 1953 368 2037 Altera
385 1954 511 2012 aerariis
538 1973 593 2032 per
615 1973 717 2012 omnes
738 1953 913 2034 provincias
942 1953 1113 2012 constitutis
1134 1961 1166 2012 et
1188 1953 1372 2011 contionibus

241 2055 509 2136 impudentissimis
528 2055 748 2135 praebuerunt,
773 2056 910 2116 ethome
933 2041 1035 2114 auderi
1051 2053 1198 2113 divinitus
1218 2056 1372 2123 excitatns,

243 2159 295 2238 qui
312 2177 380 2218 sese
400 2157 431 2215 in
449 2157 507 2216 hoc
523 2157 685 2216 discrimen
706 2156 779 2217 dare
796 2177 857 2216 non
880 2165 1046 2217 vereretur.
1090 2157 1122 2214 Is
1139 2156 1197 2215 fuit
1215 2155 1372 2227 Lutherus,

240 2261 287 2318 vir
307 2259 415 2319 nonin
438 2257 558 2318 deliciis
582 2258 745 2334 educatus,
770 2258 824 2319 scd
847 2259 951 2318 duram
965 2259 1125 2337 pueritiam
1149 2267 1179 2317 et
1200 2256 1371 2316 adolescen-

191 2358 194 2365 ’
239 2363 313 2420 tiam
335 2362 501 2420 exercitam
523 2369 678 2440 expertus,
697 2361 750 2440 qui
764 2381 858 2440 parvo
874 2361 998 2434 beatus,
1022 2360 1186 2419 ambitione
1202 2359 1293 2434 liber,
1311 2383 1370 2420 eon·

240 2473 323 2523 stans
346 2463 487 2536 mirifice,
511 2461 593 2521 idem
616 2461 765 2540 diligens,
796 2472 950 2536 strenuus,
975 2471 1146 2542 promptus,
1169 2461 1252 2540 qnod
1277 2483 1369 2544 neque

239 2566 370 2625 honores
386 2584 486 2643 neque
506 2585 579 2643 opes
603 2563 852 2644 concupiscebat,
874 2566 966 2625 nullis
982 2563 1148 2640 illecebris,
1170 2563 1264 2623 nullis
1279 2567 1369 2638 minis,

168 2683 171 2690 ¹
208 2710 213 2719 -
239 2665 377 2744 periculo
399 2666 484 2724 nullo
507 2665 663 2726 demoveri
683 2667 721 2726 de
744 2669 868 2745 incepto
888 2667 995 2726 labore
1016 2667 1130 2748 potuit:
1160 2668 1328 2726 sanctitate
1347 2677 1369 2725 et

239 2769 357 2827 iustitia
381 2766 502 2824 Socrati
532 2775 563 2825 et
584 2767 714 2827 Aristidi
740 2768 864 2842 similis,
892 2776 938 2828 tot
966 2770 1135 2849 principum
1165 2770 1279 2828 amicus
1303 2771 1369 2829 obiit

240 2889 372 2947 pauper,
401 2870 453 2948 qui
480 2876 560 2926 esset
586 2887 701 2946 pauper
727 2879 827 2929 natus.
872 2870 935 2932 Sed
962 2873 1109 2951 pietatem
1137 2872 1201 2930 eius
1222 2873 1368 2950 aequabat

241 2973 288 3030 vis
313 2968 436 3028 dicendi
459 2989 525 3042 curu
558 2971 645 3049 copia
673 2981 704 3030 et
725 2975 876 3032 suavitate
900 2973 1075 3044 coniuncta3
1107 2974 1274 3032 orationem
1303 2977 1366 3044 eius,

238 3071 437 3132 vernaculam
456 3073 649 3149 praesertim,
674 3093 789 3150 aorem,
819 3075 1043 3148 vehementem,
1069 3077 1260 3150 effrenatam,
1286 3079 1366 3138 animi

239 3184 271 3234 et
294 3173 417 3234 terroris
438 3174 561 3252 plenam
586 3175 639 3232 vix
664 3177 745 3254 capit
768 3186 891 3236 nostrae
914 3179 1022 3236 aetatis
1046 3177 1166 3236 enervis
1188 3185 1218 3236 et
1237 3176 1366 3238 delicata

238 3277 394 3354 elegantia
417 3284 509 3356 atque
535 3276 702 3349 modestia,
729 3297 788 3335 neo
809 3279 926 3338 mireris
950 3299 1017 3338 esse
1041 3278 1132 3339 hodie
1151 3268 1212 3360 ¹qui
1234 3291 1364 3361 carpant.

236 3379 278 3438 Et
299 3377 478 3438 eruditionis
500 3378 599 3436 inerat
614 3386 758 3457 quantum
778 3380 852 3438 satis
875 3379 1055 3439 videbatur:
1080 3401 1117 3440 ac
1141 3381 1278 3440 discebat
1298 3405 1362 3463 quo·

236 3480 310 3538 tidie
341 3479 475 3560 aliquid,
507 3478 649 3559 quodque
679 3479 801 3540 deesset
834 3481 994 3558 Philippus
1025 3483 1287 3562 subministrabat3
1322 3488 1363 3545 eui

236 3603 328 3662 quum
360 3574 483 3660 quidam
511 3583 729 3658 grammaticen
764 3583 993 3662 exprobrasset,
1024 3604 1092 3643 sese
1122 3585 1289 3663 Lutherus,
1317 3589 1361 3647 ubi
1387 3589 1388 3600 ³

236 3683 452 3760 grammaticus
477 3683 531 3741 ille
555 3683 644 3742 aliter
666 3683 847 3759 iudicasset,
868 3683 906 3744 de
930 3705 984 3743 sua
1006 3687 1157 3744 sententia
1175 3687 1254 3746 lraud
1278 3709 1360 3768 aegre

235 3784 387 3843 decedere
406 3784 509 3864 palam
524 3785 677 3864 professus
696 3794 756 3845 cst:
780 3787 885 3844 mirum
904 3795 1049 3866 quantum
1066 3786 1238 3866 discrepans
1259 3811 1278 3848 a
1292 3792 1357 3852 Gre-

234 3887 317 3962 gorio
338 3886 465 3963 Magno,
487 3887 739 3946 caerimoniarum
761 3889 974 3963 constitutore,
998 3889 1050 3967 qui
1065 3888 1226 3948 Desiderio
1245 3891 1357 3952 Galliae

235 3988 379 4065 episcopo
400 3985 590 4046 exsecrabile
613 3988 669 4045 hoc
692 3989 836 4047 delictum
853 3988 1000 4064 obiectat,
1019 3989 1099 4069 quod
1119 3989 1258 4051 sacerdos
1277 4015 1354 4074 quos-

234 4087 303 4145 dam
330 4088 546 4164 grammaticen
569 4088 715 4150 docuerit.
760 4091 818 4149 His
841 4091 955 4150 artibus
976 4112 1054 4152 unus
1075 4092 1136 4168 vir,
1159 4092 1354 4172 philosophiae

233 4197 264 4246 et
290 4188 464 4264 theologiae
493 4190 652 4266 magister,
677 4191 781 4250 divina
803 4193 932 4252 confisus
956 4213 1029 4271 ope,
1057 4213 1119 4252 non
1149 4195 1242 4252 solum
1261 4194 1353 4256 Caroli

233 4290 445 4367 Imperatoria,
468 4291 499 4348 in
522 4293 606 4350 cuius
629 4293 739 4353 finibus
762 4295 809 4354 sol
831 4315 891 4353 non
915 4294 1092 4368 occidebat,
1116 4298 1165 4355 cui
1184 4297 1351 4357 Franciscus

233 4389 390 4450 Gallorum
405 4411 476 4466 rex,
492 4393 662 4472 principum
684 4404 747 4454 tum
768 4397 1010 4473 potentissimus,
1031 4399 1122 4456 armis
1142 4397 1278 4458 obsistere
1295 4421 1348 4459 nou
