2800 4976
222 497 337 550 seram,
362 495 452 555 quam
475 475 614 533 sexcenti
635 472 836 532 decantarunt
857 481 887 532 et
910 472 1008 531 adbuc
1032 472 1213 546 (iacentem,
1239 476 1369 552 primum

221 577 422 638 eruditionem
449 595 624 652 germanam
654 576 774 634 virtutis
801 595 868 633 esse
897 577 1085 651 magistram,
1113 583 1143 633 et
1164 575 1268 632 animi
1293 585 1368 634 tran·

221 679 382 760 quillitatis
411 677 595 736 effectricem
625 675 843 736 validissimam
876 674 1042 750 contendo,
1068 677 1296 755 aperniciosa
1320 679 1370 735 ista

222 781 381 859 opinione,
410 798 489 857 quae
515 777 698 856 probitatem
725 799 743 836 a
773 779 902 837 scientia
924 778 1073 855 seiungit,
1101 779 1255 836 immenso
1283 781 1369 837 intrr-

222 882 305 942 vallo
329 880 463 940 dissitus.
507 880 585 938 Nam
604 880 724 939 litterae
745 888 830 938 recte
852 879 952 938 cultae
975 898 1070 938 vanas
1091 899 1193 938 rerum
1214 881 1368 958 imagines

222 1003 418 1062 erroresque,
446 980 557 1060 quibus
585 981 662 1040 vitia
691 982 839 1058 originem
861 979 987 1053 debent,
1014 982 1178 1060 profligant
1202 992 1236 1041 et
1262 984 1367 1041 exstir-

221 1093 312 1167 pant:
344 1104 363 1142 a
385 1083 464 1144 curis
486 1082 616 1144 sordidis
639 1083 808 1142 abstractos
828 1083 860 1140 in
881 1102 980 1142 rernm
1003 1085 1182 1162 optimarum
1207 1093 1241 1142 et
1268 1086 1367 1142 immu-

221 1187 361 1247 tabilium
391 1183 648 1262 contemplatione
679 1185 880 1244 constituunt:
910 1193 1042 1243 remotos
1067 1205 1085 1242 a
1108 1184 1368 1245 sollicitudinibus

161 1275 171 1290 ⁹
222 1289 262 1348 ad
284 1308 437 1349 sacrorum
458 1285 628 1346 divinorum
647 1286 744 1346 fontes
761 1284 988 1365 limpidissimos
1008 1284 1178 1359 deducunt,
1197 1288 1367 1366 exquibus

221 1391 310 1463 solis,
334 1387 406 1469 quid
421 1387 581 1466 pulchrum
598 1389 651 1464 sit,
674 1387 749 1467 quid
768 1388 940 1460 honestum,
964 1386 1038 1468 quid
1058 1387 1180 1447 homine
1202 1390 1367 1448 immortali

223 1493 362 1570 dignum,
392 1489 569 1568 plenissime
594 1490 732 1550 haurias:
770 1489 842 1548 hinc
870 1497 1015 1568 parantur
1043 1509 1132 1566 opes,
1157 1509 1243 1570 quae
1267 1512 1365 1570 neque

222 1594 302 1652 furto
320 1593 410 1670 eripi,
433 1611 534 1670 neque
549 1591 689 1651 incendio
712 1590 824 1664 deleri,
844 1611 902 1650 nec
924 1590 1043 1650 casibus
1060 1591 1131 1650 ullis
1149 1591 1276 1652 absumi
1298 1613 1365 1672 que·

223 1706 291 1771 ant3
318 1695 390 1754 hinc
415 1692 508 1766 fides,
530 1693 660 1769 iustitia,
682 1693 901 1771 temperantia3
929 1693 1001 1751 hinc
1022 1693 1081 1751 viri
1102 1713 1214 1770 graves
1242 1705 1277 1754 et
1301 1717 1364 1753 con-

224 1805 357 1870 stantes,
382 1795 433 1876 qui
456 1793 538 1874 quod
560 1794 711 1854 fortunam
735 1814 879 1874 spernere
903 1793 1090 1869 didicerunt,
1111 1796 1203 1854 rebus
1227 1797 1366 1856 adversis

223 1898 405 1971 inconcussi,
421 1895 608 1955 dominorum
626 1897 761 1977 imperiis
773 1897 976 1974 imperterriti,
992 1897 1079 1956 nulla
1099 1898 1182 1956 viae
1199 1919 1243 1958 ne
1267 1899 1364 1957 mortis

222 1997 344 2079 quidem
368 2005 450 2056 metu
478 1998 593 2056 intento
616 1999 812 2076 subiguntur,
840 2007 874 2058 ut
895 1999 1050 2076 proposito
1073 1997 1239 2058 decedant.
1286 2000 1364 2078 Quo·

222 2121 286 2162 rum
309 2101 335 2159 si
357 2107 460 2158 nostro
484 2100 609 2158 saeculo
630 2101 720 2180 copia
743 2101 856 2178 exigua
878 2109 1001 2178 reperta
1023 2109 1083 2174 est,
1107 2101 1133 2159 si
1156 2101 1310 2176 humiles,
1333 2104 1363 2159 ti-

222 2201 334 2276 midos,
356 2200 545 2274 ambitiosos,
575 2210 771 2282 tyrannorum
802 2211 1005 2261 assentatores
1025 2201 1156 2261 vidimus
1178 2203 1267 2262 haud
1295 2225 1363 2284 pan-

223 2323 289 2378 cos,
311 2303 384 2363 istos
408 2323 446 2362 ex
468 2303 637 2362 litterarum
660 2303 759 2362 studio
782 2303 911 2362 fructum
936 2305 1080 2382 optimum
1096 2324 1157 2362 non
1176 2307 1362 2385 percepisse,
1386 2297 1387 2324 ³

222 2403 276 2465 sed
305 2404 448 2464 flosculos
474 2404 621 2485 quosdam
647 2404 805 2464 doctrinae
833 2404 935 2464 aridos
964 2414 995 2464 et
1021 2405 1141 2464 steriles
1170 2404 1363 2488 decerpsisse

223 2507 373 2566 existimo.
416 2507 496 2565 Nam
525 2514 558 2564 nt
586 2527 647 2565 uno
680 2505 773 2566 verbo
804 2506 903 2566 dicam
930 2506 1012 2587 quod
1040 2508 1154 2582 sentio,
1181 2507 1266 2567 haec
1295 2509 1361 2568 mibi

222 2609 393 2668 litterarum
420 2607 486 2667 laus
514 2609 777 2686 praestantissima
799 2613 830 2667 et
849 2609 964 2668 utilitas
986 2629 1100 2668 summa
1121 2607 1258 2683 videtur,
1284 2609 1361 2692 quod

221 2710 394 2770 libertatem
416 2711 509 2767 animi
532 2709 676 2783 afferunt,
698 2731 759 2790 qua
778 2731 893 2770 summa
915 2711 1035 2788 generis
1049 2710 1172 2769 humani
1192 2710 1275 2771 bona
1296 2735 1360 2772 con-

222 2812 368 2870 tinentur.
391 2810 481 2868 Illam
498 2818 599 2869 autern
623 2810 777 2871 doctorum
801 2811 1043 2871 academicorum
1067 2821 1113 2870 est
1128 2813 1159 2870 in
1181 2811 1359 2874 adolescen·
1385 2881 1386 2886 ἵ

222 2911 303 2970 tibus
341 2912 481 2990 ingenuis
518 2912 669 2986 excitare,
702 2922 735 2972 ut
766 2915 897 2973 servitus
924 2914 1015 2990 longe
1042 2911 1267 2991 indignissima,
1307 2936 1359 2996 qna

221 3020 339 3072 mentes
364 3020 471 3092 captae
496 3022 579 3088 sunt,
606 3015 793 3088 excutiatur,
816 3023 850 3074 ut
872 3016 936 3074 vita
956 3015 1088 3073 humana
1112 3016 1311 3092 emendetur,
1332 3026 1359 3075 nt
1385 3003 1386 3010 ἵ

221 3113 362 3190 diffugiat
393 3115 584 3191 superstitio,
614 3116 723 3193 religio
757 3116 964 3175 confirmetur:
1001 3116 1083 3196 quod
1116 3137 1177 3175 non
1205 3121 1358 3198 proprium

219 3214 430 3295 philosophiae
459 3235 542 3288 esse,
570 3216 625 3275 sed
655 3238 673 3274 a
701 3217 851 3295 theologis
881 3218 1016 3297 iurisque
1047 3219 1154 3297 peritis
1181 3229 1213 3278 et
1234 3221 1358 3280 medicis

220 3337 319 3397 aeque
344 3316 411 3375 fieri
436 3336 527 3394 posse
554 3327 585 3376 et
613 3316 743 3392 debere,
773 3339 833 3379 non
863 3328 910 3378 est
937 3318 1017 3398 quod
1039 3338 1199 3398 exponam.
1246 3322 1356 3400 Quem-

219 3417 381 3478 admodum
409 3437 482 3477 vero
512 3417 635 3478 litterae
662 3418 835 3479 libertatem
859 3441 1002 3480 summam
1024 3431 1148 3500 parant,
1173 3423 1216 3481 ita
1239 3425 1265 3484 si
1287 3427 1356 3504 ipsis

218 3519 392 3578 libertatem
428 3519 540 3598 eripias
574 3531 604 3579 et
633 3521 770 3580 formulis
806 3523 895 3581 certis
928 3532 1142 3604 praeceptores
1175 3523 1355 3606 adstringes,

218 3622 324 3698 generi
344 3620 476 3678 humano
500 3622 618 3681 oculum
642 3621 809 3681 excideris:
841 3623 975 3684 silebunt
995 3626 1102 3684 Musae
1124 3627 1243 3686 servitii
1263 3629 1354 3708 impa-

218 3723 347 3799 tientes3
377 3741 488 3798 magna
506 3723 630 3800 ingenia
653 3724 830 3784 cessabunt:
853 3725 908 3784 sed
928 3726 1063 3785 adulatio
1086 3738 1281 3808 prorumpet;
1305 3751 1354 3810 pro

217 3823 356 3900 sapiente
375 3823 519 3896 stultitia,
542 3833 692 3903 postremo
714 3825 813 3885 scelus
836 3847 890 3904 pro
911 3828 1023 3886 virtute
1049 3829 1251 3909 principatum
1271 3839 1352 3892 tene·

216 3921 270 3980 bit.
315 3920 356 3980 Et
376 3923 544 3983 litterarum
570 3924 694 4004 quidem
712 3927 768 3984 flos
789 3947 826 3985 ac
848 3928 973 3988 libertas
989 3930 1075 3988 nulla
1097 3951 1130 3989 re
1151 3932 1247 4008 magis
1270 3935 1351 3994 adiu-

216 4030 306 4082 vatur
325 4042 425 4109 quam⁴
440 4023 654 4083 coniunctione
676 4025 734 4084 bac
756 4025 972 4106 doctrinarum,
996 4051 1075 4110 quae
1098 4033 1129 4090 in
1151 4033 1350 4095 universitati·

215 4123 272 4182 bus
299 4123 411 4181 nostris
433 4115 588 4212 proposita
616 4133 675 4198 est,
704 4125 755 4186 ubi
781 4129 879 4189 altera
907 4131 1030 4190 alterius
1054 4133 1155 4194 fructu
1177 4134 1350 4212 gaudentes,

215 4241 320 4282 omnes
338 4244 356 4280 a
371 4213 748 4304 communi'pbilosophiae
769 4229 838 4289 luce
853 4231 1059 4307 illustrantur,
1084 4245 1114 4295 et
1129 4238 1348 4297 necessitudine

215 4343 251 4383 ac
268 4323 457 4401 cognatione,
478 4345 559 4404 quae
581 4327 660 4386 inter
682 4349 785 4390 omnes
805 4332 982 4409 intercedit,
1006 4335 1126 4412 vigent:
1148 4337 1256 4418 quodsi
1277 4360 1348 4398 unus

213 4425 329 4482 animus
357 4433 405 4483 est
430 4426 616 4502 litterarum,
639 4449 699 4489 uno
722 4451 847 4510 corpore
871 4437 984 4512 optime
1008 4438 1212 4498 continentur.
1256 4441 1346 4518 Igitur
