2800 4976
761 203 799 264 10

210 391 328 450 neseiat
348 390 434 450 nulla
451 411 484 450 re
508 411 598 470 quam
620 391 763 450 libertate
784 391 880 468 magis
901 390 944 448 ali
967 398 998 450 et
1019 391 1203 466 confirmari,
1225 395 1361 453 servitio
1388 379 1389 410 ³

212 501 314 550 autem
329 493 475 552 illiberali
496 503 648 573 tamquam
665 494 769 573 aliqua
785 492 941 571 procellae
960 492 1132 552 calamitate
1152 497 1311 571 prosterni
1331 505 1363 554 et

214 595 386 674 exstirpari.
431 595 519 672 Nego
547 597 614 654 fieri
631 597 781 673 potuisse,
804 603 838 654 ut
861 595 893 652 in
915 615 1060 654 summum
1083 595 1261 656 eruditionis
1289 600 1362 656 uni·

213 716 321 756 versae
340 697 494 774 fastigium
516 697 659 756 Athenae
682 696 898 770 ascenderent,
927 705 958 756 et
979 695 1207 774 disciplinarum
1229 701 1362 759 artium·
1389 746 1390 772 p

214 818 273 878 que
300 818 396 877 prope
424 795 555 858 omnium
579 807 738 878 parentes,
764 799 898 858 nutrices
927 806 958 858 et
982 800 1144 876 magistrae
1175 800 1361 874 evaderent,

212 900 273 958 nisi
296 902 427 960 civitatis
449 902 534 978 leges
557 921 653 979 genus
673 900 798 960 vivendi
812 901 939 960 liberius
956 907 986 959 ct
1001 901 1114 960 victum
1131 901 1361 978 elegantiorem

212 1001 435 1083 lautioremque
463 1003 686 1064 concessissent
715 1003 847 1076 civibus,
881 1021 993 1082 eosque
1022 1022 1041 1060 a
1069 1002 1205 1062 colendis
1236 1007 1360 1065 artibus

212 1125 275 1162 non
303 1104 391 1163 modo
424 1125 484 1164 non
513 1103 730 1165 deterruissent
764 1104 1076 1164 Lacedaemoniorum
1108 1106 1264 1183 exemplo,
1302 1107 1360 1168 sed
1390 1178 1391 1204 1

213 1205 335 1266 laudem
356 1227 478 1286 quoque
502 1205 626 1266 multam
648 1208 757 1267 litteris
781 1227 817 1266 ac
844 1206 1000 1266 doctrinae
1022 1205 1206 1267 tribuissent.
1252 1209 1359 1268 Huius

213 1310 259 1367 rei
275 1318 483 1386 argumentum
500 1307 613 1382 dicam,
634 1309 659 1368 si
678 1308 752 1388 quid
769 1308 874 1382 video,
895 1307 978 1366 haud
992 1307 1234 1368 infirmissimum.
1274 1312 1359 1370 Nam

214 1431 305 1490 quum
325 1411 456 1489 Thespis
479 1409 669 1487 tragoediam
687 1411 817 1470 Athenis
846 1411 997 1489 coepisset
1022 1429 1162 1484 movere,
1191 1431 1292 1492 eaque
1319 1413 1358 1471 ob

213 1514 259 1571 rei
279 1513 446 1571 novitatem
464 1513 573 1590 vulgus
596 1510 800 1572 delectaretur
821 1513 967 1586 maxime,
990 1511 1121 1572 necdum
1148 1521 1251 1572 tamen
1276 1516 1358 1574 inter

214 1614 338 1693 publica
361 1615 526 1672 cortamina
547 1614 693 1673 eiusmodi
714 1614 876 1674 ederentur
892 1613 972 1691 ludi3
997 1613 1091 1675 Solon
1113 1623 1222 1674 natura
1244 1615 1358 1676 docilis
1391 1619 1392 1644 ³

215 1725 246 1776 et
268 1715 413 1774 audiendi
435 1716 526 1776 etiarn
554 1735 649 1776 senex
673 1714 799 1794 cupidus
821 1725 961 1775 narratur
987 1723 1142 1794 spectasse
1164 1716 1357 1796 Thespidem

216 1819 336 1877 fabulas
364 1838 435 1878 sues
464 1827 621 1896 agentem:
652 1826 721 1896 post
744 1819 963 1897 spectationem
992 1839 1064 1877 vero
1094 1820 1286 1898 quaesivisse
1317 1841 1357 1878 ex

214 1918 387 1997 Thespide,
415 1940 525 1978 numne
552 1919 682 1998 puderet
710 1940 811 1990 coram
841 1927 928 1980 coetu
954 1929 1039 1980 tanto
1067 1921 1143 1979 talia
1169 1922 1293 1981 mentiri
1320 1941 1358 1980 ac

216 2023 416 2082 comminisci:
438 2020 642 2101 respondente
667 2031 769 2082 autem
789 2030 894 2100 poeta,
916 2022 993 2080 nihil
1015 2021 1170 2100 indignum
1189 2043 1257 2083 esse
1276 2023 1357 2084 ludi·
1392 2040 1393 2090 l

215 2125 272 2183 brii
292 2145 384 2184 causa
406 2125 471 2184 eius
493 2124 614 2201 generis
634 2143 684 2183 ras
704 2123 806 2184 dicere
823 2134 916 2204 atque
931 2144 1039 2201 agere,
1063 2122 1206 2184 Solonem
1221 2125 1358 2203 produnt
1392 2127 1393 2148 *

215 2227 309 2286 solum
333 2226 442 2286 baculo
461 2227 683 2305 percutientem
705 2225 910 2286 exclamasse:
933 2225 995 2299 „At
1016 2245 1090 2286 vcro
1110 2226 1192 2286 haud
1211 2226 1264 2285 diu
1289 2229 1356 2300 erit,

216 2349 305 2408 quum
333 2327 496 2388 ludibrium
524 2330 597 2404 hec,
629 2328 682 2388 ubi
713 2330 841 2407 primum
872 2326 1030 2387 laudatum
1058 2348 1095 2386 ac
1128 2328 1357 2407 comprobatum

216 2431 322 2506 fuerit,
345 2432 377 2490 in
400 2432 580 2490 commercio
603 2431 756 2490 hominum
778 2430 995 2490 inveniemus.“
1039 2430 1127 2490 Haec
1151 2431 1286 2490 locutum
1310 2433 1354 2491 fe·

215 2543 285 2592 runt
305 2533 425 2611 priscae
456 2554 491 2592 ac
518 2533 664 2612 simplicis
692 2533 862 2611 sapientiae
891 2541 1071 2605 amatorem,
1095 2533 1147 2612 qui
1165 2540 1268 2592 tamen
1288 2535 1356 2612 ipse
1393 2472 1394 2560 A

214 2644 306 2713 poeta
327 2644 389 2694 tam
412 2636 553 2712 egregius
576 2635 647 2708 fuit,
670 2644 786 2695 utnon
810 2635 921 2694 iniuria
943 2633 982 2693 de
1007 2653 1043 2692 eo
1063 2632 1173 2693 Critias
1192 2635 1355 2714 praedica·

215 2739 309 2810 verit,
331 2737 389 2795 nisi
410 2737 540 2814 negotiis
563 2736 703 2794 civilibus
726 2745 757 2795 et
780 2737 825 2795 rei
847 2735 988 2814 publicae
1010 2737 1184 2794 tractationi
1207 2737 1286 2796 haec
1306 2759 1354 2797 re-

214 2840 346 2898 misisset
376 2838 492 2912 studia,
524 2858 592 2896 eum
624 2838 750 2896 Homeri
780 2838 908 2915 gloriam
939 2846 1137 2918 aequaturum
1170 2840 1355 2898 carminibus

215 2941 278 3000 suis
298 2941 408 2999 fuisse:
437 2948 529 3019 atque
558 2938 675 2998 addunt
703 2939 770 3012 alii,
798 2938 991 2998 interdictum
1016 2940 1055 2998 ab
1079 2959 1114 2997 eo
1137 2940 1289 3020 Thespidi
1311 2942 1354 2999 fa-

215 3041 355 3100 bularum
380 3042 499 3100 actione
526 3062 603 3102 esse.
653 3041 719 3099 Iam
744 3051 779 3100 ut
801 3040 1002 3100 concedamus
1030 3041 1109 3100 falsa
1130 3041 1207 3100 haec
1230 3051 1260 3101 et
1283 3065 1354 3102 con-

215 3145 287 3202 ficta
315 3163 397 3215 esse,
428 3142 509 3222 quod
536 3143 704 3202 rationibus
734 3143 817 3201 docti
845 3151 1118 3228 commonstrarunt
1145 3143 1284 3206 abunde:
1316 3166 1355 3202 an

215 3247 344 3324 putatis,
376 3244 477 3324 siquid
505 3243 635 3302 Athenis
673 3243 836 3304 accidisset
868 3244 1054 3317 istiusmodi,
1093 3253 1127 3302 ut
1163 3245 1355 3304 nobilissima

215 3347 392 3426 tragoediae
413 3347 514 3425 poesis
537 3346 658 3406 Solonis
677 3345 746 3422 lege
768 3355 849 3406 asset
869 3346 1008 3405 exsulare
1029 3347 1127 3420 iussa,
1151 3355 1267 3404 tantum
1287 3368 1354 3406 eam

217 3470 398 3510 emersuram
418 3448 602 3526 temporibus
623 3447 768 3526 proximis
786 3446 894 3521 fuisse,
916 3457 950 3506 ut
971 3455 1071 3506 ternos
1093 3448 1161 3506 illos
1182 3448 1279 3506 divini
1294 3452 1355 3527 spi-

213 3555 289 3612 ritus
310 3553 448 3610 homines
470 3549 510 3607 ad
531 3558 625 3609 artem
648 3570 713 3608 eam
736 3548 940 3608 exercendam
961 3550 1122 3622 excitaret,
1150 3559 1184 3608 ut
1206 3549 1355 3630 Aeschyli

216 3654 401 3714 sublimitate
425 3659 454 3710 et
478 3651 705 3730 magnificentia
734 3651 884 3723 stabilita,
908 3650 1068 3728 Sophoclis
1090 3651 1278 3728 perfectione
1301 3653 1353 3711 ab·

217 3755 329 3828 soluta,
351 3753 507 3832 Euripidis
530 3754 680 3831 sapientia
700 3753 851 3811 illustrata
874 3761 968 3827 esset,
990 3761 1167 3831 tantumque
1189 3761 1294 3830 posset
1315 3753 1353 3812 ad

216 3857 406 3914 honestatem
426 3863 456 3912 et
481 3875 602 3913 sensum
628 3855 746 3931 pulchri
768 3854 905 3932 rectique
927 3853 1141 3913 formandum?
1185 3852 1249 3914 sed
1272 3853 1352 3932 quod

217 3957 348 4016 Athenis
375 3975 437 4013 non
465 3956 563 4014 solum
589 3955 703 4013 viribus
733 3956 866 4033 corporis
891 3976 926 4013 ac
954 3954 1136 4030 velocitate,
1162 3964 1197 4014 ut
1224 3956 1256 4014 in
1286 3955 1352 4016 aliis

217 4058 369 4119 Graeciae
391 4055 578 4126 civitatibus,
600 4056 764 4134 parabatur
781 4055 879 4132 gloria
894 4056 1112 4116 immortalitati
1125 4057 1277 4134 proxima,
1301 4079 1351 4118 ve·

214 4177 279 4219 rum
303 4159 425 4218 musicis
445 4159 536 4217 etiam
557 4157 769 4216 certaminibus
794 4157 896 4236 palme
925 4165 990 4216 erat
1012 4159 1180 4236 proposita3
1209 4158 1353 4237 quodibi

214 4261 349 4338 tragicae
374 4260 571 4338 comicaeque
599 4259 722 4318 fabulae
751 4259 782 4317 in
810 4257 889 4318 ludis
916 4259 1111 4318 sollemnibus
1131 4259 1255 4318 Baccho
1279 4262 1351 4319 actis

213 4370 334 4442 sumptu
360 4362 478 4439 ingenti
506 4360 770 4422 committebantur
797 4360 937 4439 publice:
967 4361 1110 4437 praemiis
1138 4360 1244 4420 allecti
1272 4362 1351 4422 haud
