2800 4976
702 355 734 360 ..
786 263 827 360 ⁵2

237 459 369 530 monuit,
391 455 473 538 quod
490 457 557 514 iura
571 455 675 534 populi
692 453 837 528 tutanda,
859 451 942 534 quod
958 452 1116 512 servitium
1139 451 1324 511 animorum
1344 473 1386 510 ex·

239 559 413 618 cutiendum
428 558 572 637 suscepit.
595 557 638 616 At
653 556 734 616 idern
756 563 945 635 quantopere
964 554 1087 634 plebem
1110 553 1149 612 ad
1173 554 1386 614 obedientiam

240 660 467 737 magistratibus
488 657 704 738 praestandam
727 657 900 716 cohortatus
923 655 975 727 sit,
1006 666 1105 716 motus
1128 654 1339 715 turbulentos
1365 670 1385 712 et

239 761 395 821 licentiam
418 769 570 820 aratorum
593 761 763 838 castigarit,
791 759 941 838 populare
970 759 1130 838 imperium
1155 757 1385 836 perstrinxerit.

239 884 302 922 non
324 871 370 922 est
392 861 474 944 quod
497 864 533 922 iis
556 881 723 940 exponam,
746 861 799 941 qui
819 861 914 938 ipsius
938 859 1051 938 scripta
1072 860 1218 938 legerint.

323 965 389 1024 Iam
410 965 463 1023 ubi
480 965 640 1046 quaeritis,
664 961 831 1038 auditores,
863 959 937 1041 quid
961 963 1001 1020 sit
1021 960 1105 1040 qnod
1126 961 1224 1019 cultui
1251 960 1381 1037 ingenio·

238 1087 304 1126 rum
325 1085 466 1144 magnam
485 1067 637 1126 ecclesiae
653 1062 866 1124 emendatione
882 1063 1043 1121 utilitatem
1059 1061 1185 1120 allatam
1204 1060 1381 1123 iudicarim:

239 1177 273 1226 ut
299 1176 420 1228 taceam
442 1167 480 1227 de
508 1167 614 1245 lingna
641 1165 806 1226 vernacula
828 1184 884 1242 per
904 1164 1074 1223 Lntherum
1096 1163 1223 1241 egregie
1247 1164 1381 1233 formate,

239 1270 298 1328 hac
318 1289 381 1330 una
401 1269 601 1348 responsione
627 1267 855 1327 satisfacturum
878 1286 927 1325 me
949 1285 1076 1340 censeo,
1105 1265 1131 1323 si
1152 1265 1298 1342 puritate
1321 1264 1380 1321 reli-

239 1372 339 1449 gionis
355 1371 483 1430 reducta
501 1369 608 1430 dixero
627 1369 877 1450 superstitionem
893 1367 1013 1446 pulsam
1034 1374 1065 1425 et
1082 1366 1210 1425 liberam
1236 1365 1282 1425 de
1300 1365 1379 1424 rebus

240 1472 427 1550 gravissimis
456 1471 698 1552 disquisitionem
719 1471 826 1548 generi
848 1469 978 1528 humano
1000 1466 1151 1526 redditam
1172 1487 1258 1526 esse.
1308 1467 1378 1544 Quid

240 1575 320 1633 enim
342 1574 452 1632 litteris
472 1573 612 1632 infestius
631 1591 722 1652 quam
750 1569 946 1651 superstitio?
980 1568 1054 1648 qnid
1081 1569 1254 1628 studiorum
1279 1569 1377 1626 alacri·

240 1684 335 1734 tatem
357 1676 453 1753 magis
476 1674 628 1748 retardat,
651 1672 725 1752 quid
747 1674 856 1732 mentis
877 1671 976 1731 aciem
991 1669 1269 1749 magisobtundit,
1295 1691 1376 1749 quan

240 1779 405 1852 auctoritas
425 1777 607 1856 imperiosa,
630 1777 662 1835 11
681 1795 743 1853 qua
764 1775 790 1834 si
812 1775 1009 1854 acquiescere
1025 1759 1216 1842 assuefactus
1241 1773 1302 1845 sis,
1327 1775 1376 1830 ian

238 1899 301 1937 101
323 1899 397 1958 opus
420 1879 459 1938 111
481 1886 515 1936 ut
535 1878 602 1956 ipse
622 1875 789 1957 anquiras?
813 1876 994 1956 Superstitio
1014 1866 1186 1950 Socratem,
1209 1867 1374 1954 0110110110

239 1989 378 2039 veterum
401 1978 439 2037 ad
465 1987 581 2038 rectam
601 1979 664 2036 Dei
683 1978 888 2056 cognitionem
907 1977 1034 2056 propius
1056 1969 1374 2056 accesserat,'·irnpie·

239 2081 311 2140 tatis
338 2089 512 2140 accusatum
534 2099 656 2140 veneno
678 2080 817 2155 necavit3
846 2078 1076 2155 Anaxagoram,
1099 2079 1151 2157 qui
1172 2079 1293 2158 primus
1319 2079 1372 2137 fere

240 2181 399 2242 demente
419 2183 523 2241 mundi
538 2181 752 2262 gubernatrice
773 2181 1004 2260 philosophatus
1029 2180 1188 2259 011,ουοά
1210 2181 1241 2238 ei
1258 2181 1299 2239 de
1318 2181 1372 2240 sole

238 2283 322 2343 aliud
343 2293 436 2364 atque
454 2284 693 2344 Atheniensibus
714 2283 887 2361 placuerat,
911 2281 1018 2342 eodem
1041 2283 1164 2342 crimine
1188 2283 1370 2341 circumven-

238 2395 302 2445 tum
318 2387 349 2444 11
365 2387 506 2446 exsilium
523 2387 628 2462 eiecit,
651 2385 827 2444 caelestium
848 2384 1006 2461 globorum
1022 2384 1157 2444 ordinem
1176 2383 1371 2462 0001011111

240 2487 418 2565 indagatum
432 2488 589 2547 Romanae
612 2487 715 2546 curiae
738 2484 1016 2563 1001010001111111;
1041 2485 1215 2546 Galilaeum
1232 2485 1369 2556 Galilaei,

237 2599 365 2649 naturae
389 2610 502 2648 areana
524 2589 587 2649 alte
610 2596 791 2660 scrutatum,
820 2586 860 2646 ad
885 2607 1039 2648 carcerem
1059 2587 1277 2648 condemnavit
1300 2599 1331 2648 et
1347 2591 1368 2646 11

236 2712 389 2752 secessum
416 2690 582 2767 relegavit:
614 2691 747 2769 denique
773 2698 818 2748 101
843 2665 924 2748 viros
952 2691 1107 2770 sapientes
1134 2691 1367 2771 innocentesque

238 2794 333 2852 omnis
356 2792 478 2869 generis
502 2791 685 2850 cruciatibus
706 2811 743 2850 00
764 2790 869 2869 poenis
890 2790 1026 2851 tradidit.
1071 2789 1154 2867 Quid
1173 2811 1248 2850 vero
1274 2803 1366 2852 aneto·

236 2895 311 2953 ritas
333 2892 509 2951 hominnm?
531 2893 639 2952 Nonne
662 2893 715 2972 qui
737 2913 774 2952 00
795 2913 829 2952 se
852 2894 1017 2971 constringi
1039 2902 1070 2951 et
1091 2893 1189 2952 teneri
1209 2895 1365 2970 patiantur,

238 3003 291 3053 ant
315 2995 458 3084 levesct
479 2995 578 3053 animo
607 2993 773 3066 imbecillo,
803 3002 856 3053 aut
883 2992 975 3054 rudes
1007 3005 1098 3074 atque
1126 2995 1303 3074 imperitos,
1326 3007 1385 3089 0111,

236 3096 428 3156 simulatores
455 3094 594 3155 videmus
623 3094 715 3156 esse?
748 3093 837 3172 Quae
864 3116 957 3175 quum
982 3097 1025 3155 ita
1054 3098 1129 3171 sint,
1159 3115 1196 3154 00
1221 3099 1364 3157 eeclesiae

237 3198 412 3258 constitutio
433 3217 561 3257 necesso
583 3206 630 3256 011
650 3197 759 3256 11110111
783 3197 984 3258 conducibilis
1006 3198 1052 3272 sit,
1075 3199 1107 3257 in
1125 3217 1185 3278 qua
1208 3202 1363 3259 auetorita-

234 3309 297 3360 tem
323 3301 476 3358 hominum
506 3300 629 3377 impune
659 3299 752 3358 liceat
782 3297 945 3377 defugere,
969 3319 1071 3358 sacros
1099 3299 1199 3358 fontes
1225 3301 1313 3361 adire
1340 3315 1384 3362 et,

235 3404 426 3477 examinare,
446 3409 598 3480 postremo
622 3399 659 3459 de
681 3408 790 3460 natura
810 3421 910 3460 rernm
934 3401 1105 3460 divinarum
1127 3409 1158 3460 et
1174 3401 1361 3462 humanarum

233 3503 330 3564 libere
352 3505 474 3562 sentire.
520 3501 613 3562 Cuius
635 3503 757 3581 generis
784 3501 964 3580 disciplinae
992 3511 1182 3582 quantopere
1206 3504 1361 3564 iuventutis

234 3604 421 3664 erudiendae
444 3625 516 3664 cura
537 3605 702 3683 impensior
725 3605 887 3663 coniuncta
912 3605 964 3678 sit,
986 3625 1047 3663 101
1070 3605 1167 3664 solum
1188 3625 1226 3664 ex
1247 3627 1282 3666 re
1303 3609 1358 3686 ipsa

233 3715 333 3785 patet,
355 3705 411 3765 sed
428 3707 519 3765 etiam
535 3706 696 3785 temporis,
715 3705 797 3785 quod
811 3707 981 3766 insecutum
999 3714 1057 3780 est,
1081 3707 1270 3784 experientia
1289 3731 1356 3768 com·
1382 3685 1383 3696 ¹

232 3807 387 3885 probatur.
433 3807 627 3886 Quapropter
642 3809 793 3866 Lntherus
814 3807 892 3866 nihil
913 3809 1066 3887 antiquius
1089 3807 1208 3883 habuit,
1228 3829 1316 3888 quam
1330 3820 1356 3868 ut

231 3908 386 3994 principes
404 3909 556 3989 urbesque
580 3907 618 3966 ad
639 3909 758 3969 scholas
780 3907 955 3968 condendas
977 3910 1135 3968 incitaret:
1165 3930 1263 3989 neque
1286 3915 1353 3972 0111
1381 3959 1382 3972 t

233 4009 365 4067 civitatis
390 4009 471 4068 vires
490 4018 521 4067 et
542 4010 672 4068 salutem
694 4018 809 4069 tantum
831 4011 864 4068 iu
886 4010 992 4090 opibus
1014 4009 1208 4088 colligendis,
1228 4012 1259 4070 in
1279 4014 1350 4074 aedi·
1381 3999 1382 4005 ¹

230 4108 306 4168 ficiis
332 4109 538 4186 elegantibus,
558 4111 631 4186 viis,
654 4111 813 4188 pontibus,
838 4112 1000 4190 aggeribus
1021 4132 1132 4190 magno
1155 4123 1268 4192 sumptu
1290 4136 1349 4174 con-

230 4210 366 4284 structis,
393 4210 425 4268 in
453 4213 588 4298 castellis
612 4213 846 4294 moenibusque,
869 4215 901 4272 in
926 4214 1165 4274 armamentariis
1187 4215 1304 4274 telorum
1319 4225 1348 4277 et

228 4319 444 4370 tormentorum
474 4333 510 4371 ac
534 4313 692 4372 thoracum
720 4315 855 4388 refertis,
886 4316 995 4395 quibus
1023 4317 1117 4395 copiis
1140 4315 1192 4375 ubi
1218 4317 1283 4374 mali
1303 4325 1347 4374 aut

259 4411 331 4470 111111
354 4413 490 4474 homines
512 4423 684 4491 uterentur,
709 4417 803 4476 maior
824 4417 983 4477 efferretur
1004 4418 1156 4495 pernicies
1176 4437 1258 4498 quam
1276 4438 1342 4477 0011-
