2800 4976
589 209 629 270 67

18 407 174 458 raestat
191 417 283 478 quam
300 399 471 476 precariam
490 398 692 477 miseramque
712 397 805 456 vitam
824 394 937 456 ducere
959 403 990 456 et
1012 396 1087 476 ipsis
1104 397 1178 456 civi·

18 501 151 560 tibus
178 501 477 578 perniciosissimam.
520 499 600 557 Nam
628 497 705 556 nihil
731 517 779 558 me
807 497 908 558 iudice
932 517 997 556 rem
1025 497 1178 577 publicam

18 602 249 661 estilentiore
271 601 342 660 tabe
366 601 475 674 inficit,
499 620 590 680 quam
611 599 796 660 universitas
818 597 989 658 scholarum
1009 597 1178 678 depravata

18 723 28 762 r
61 711 248 780 corrupta,
271 723 350 782 quae
365 721 421 781 pro
443 700 541 762 doctis
563 709 593 761 et
608 701 797 779 sapientibus
819 707 850 759 ct
872 699 998 777 integris
1020 700 1094 760 viris
1109 701 1176 759 mit·

18 814 46 862 tt
85 805 279 882 imperitos,
309 802 453 878 stolidos,
484 823 600 864 morum
624 802 829 881 perversitate
853 799 976 861 foedos:
1010 800 1060 862 eui
1084 800 1176 874 malo,

18 906 61 965 bi
88 905 235 964 scholae
258 905 350 964 altius
367 913 398 964 ct
415 905 498 985 quod
519 906 606 964 aiunt
623 905 690 963 imis
710 903 853 962 medullis
873 901 1000 962 infixum
1021 909 1088 978 est,
1111 922 1175 962 cor·

22 1005 164 1085 gendo
193 1025 300 1084 aegre,
332 1006 455 1066 excidio
489 1007 656 1066 certissime
685 1003 838 1064 medeare.
881 1004 1040 1064 Postremo
1075 1022 1176 1063 rerum

17 1117 187 1168 tomenta
216 1108 383 1185 prudenter
408 1107 635 1188 pensitantibus
664 1107 787 1185 gravius
816 1105 910 1164 multo
936 1106 968 1165 in
997 1105 1107 1165 litteris
1132 1105 1176 1185 al·

17 1231 126 1269 erum
169 1210 321 1270 libertatis
350 1229 446 1290 genus
474 1209 647 1284 videbitur,
680 1228 770 1288 quam
798 1207 973 1267 interiorem
1003 1206 1176 1266 libertatem

17 1312 163 1386 beavi,
196 1320 226 1372 et
248 1313 281 1371 in
304 1309 434 1370 docendi
456 1307 672 1390 scribendique
700 1310 820 1369 ratione
849 1308 942 1368 nullis
975 1307 1176 1368 illiberalibus

17 1413 155 1491 egibus
183 1416 347 1473 constricta
374 1421 405 1472 et
426 1411 574 1492 impedita
594 1409 767 1490 ponendam
788 1409 927 1471 arbitror.
972 1409 1060 1489 Quae
1082 1429 1176 1490 quum

17 1517 91 1574 ruie
124 1536 255 1596 quoque
277 1515 401 1576 scholae
423 1513 621 1573 sanctissimis
644 1512 908 1573 constitutionibus
929 1511 1106 1572 confirmata
1127 1512 1174 1586 sit

17 1638 119 1695 ¹uper
159 1625 264 1676 cetera
286 1626 388 1677 autem
408 1614 565 1676 commoda
584 1616 709 1695 provisa
729 1624 838 1674 cuncta
861 1612 1038 1690 videantur,
1063 1612 1175 1674 nevel

17 1729 137 1779 rostra
170 1717 307 1778 doctrina
333 1739 352 1777 a
378 1726 462 1778 recto
494 1717 642 1776 scientiae
668 1717 729 1776 fine
756 1715 893 1788 aberret,
920 1715 971 1775 vel
1000 1735 1068 1790 eas,
1098 1734 1174 1795 quas

17 1822 109 1895 iixi,
139 1821 295 1880 utilitates
315 1818 525 1897 reipublicae
547 1827 706 1897 praestare
725 1838 787 1876 non
808 1817 920 1896 possit:
943 1837 1099 1898 nunquam
1126 1836 1173 1876 sa·

17 1925 56 1982 tis
83 1921 272 2001 praedicari
290 1920 441 1980 Friderici
458 1919 603 1980 Guilelmi
620 1919 774 1999 sapientia
786 1926 902 1998 potest,
922 1919 974 1998 qui
995 1917 1175 1980 eruditionis

17 2024 139 2084 sedem
165 2024 196 2080 in
218 2023 276 2082 hac
296 2024 387 2098 urbe,
410 2022 530 2100 imperii
551 2021 667 2100 capite,
687 2019 872 2096 instituerit,
893 2021 945 2081 ubi
967 2040 1073 2101 sparsa
1093 2020 1174 2080 litte·

17 2146 132 2184 rarum
158 2125 276 2184 semina
294 2125 451 2185 uberiores
472 2143 563 2205 quum
576 2123 607 2182 in
624 2123 723 2182 minus
739 2123 849 2182 illustri
869 2121 938 2181 loco
960 2122 1041 2182 ferre
1059 2122 1175 2182 fructus

17 2229 161 2306 possint
209 2225 303 2286 Cuius
325 2227 407 2286 vitae
435 2235 470 2285 ut
497 2225 643 2304 plurimos
671 2244 766 2284 annos
792 2223 880 2282 nobis
903 2232 934 2282 et
962 2225 1007 2283 rei
1032 2222 1175 2302 publicae

19 2331 200 2390 universae
223 2329 354 2403 faustos,
383 2327 489 2387 felices
512 2345 734 2406 prosperosque
760 2324 869 2398 addat,
897 2326 998 2385 Deum
1021 2324 1175 2404 Optimum

20 2433 205 2490 Maximum
235 2451 274 2490 ex
300 2430 391 2490 animi
417 2431 569 2490 sententia
593 2437 685 2508 atque
715 2448 782 2487 cum
807 2447 921 2487 summo
947 2435 978 2486 et
1003 2427 1121 2505 gratiae
1145 2434 1176 2484 et

23 2535 158 2610 pictatis
182 2533 262 2610 Regi
283 2532 394 2611 optimo
417 2531 541 2591 debitae
559 2531 672 2591 affectu
690 2529 781 2590 hodic
803 2547 971 2608 precamur.
