2800 4976
536 229 714 330 aa*

131 417 201 476 Hac
222 417 315 494 igitur
338 418 552 478 coniunctione
575 421 761 481 faustissime
783 421 931 504 quidquid
950 426 1088 503 proximo
1108 435 1182 487 tem·

22 539 119 598 pore
148 539 167 577 a
193 518 282 578 nobis
305 519 464 597 praeclare
491 530 609 598 gestum
638 531 699 596 est,
732 533 849 604 partem
874 525 1035 586 maximam
1064 537 1183 588 constat

25 642 112 682 esse
138 622 293 682 effectum:
330 641 367 680 ea
388 641 463 681 vero
484 622 635 684 Friderici
658 624 803 685 Guilelmi
827 625 954 686 debetur
974 629 1068 688 menti
1088 647 1181 708 gene·

23 744 150 797 rosae,
174 723 332 798 clementi,
351 723 492 801 sapienti.
538 724 599 803 Qui
620 727 748 804 primum
769 727 911 788 fortunae
935 727 1048 788 cedens
1071 730 1180 810 iniqui-

23 827 97 884 tati
119 845 170 884 res
198 822 345 882 adversas
369 825 441 884 tulit
464 827 722 903 constantissime,
747 836 839 910 atque
864 829 985 888 interim
1005 829 1082 890 nihil
1104 833 1181 890 anti·

25 929 133 1007 quius
160 926 347 1004 pensiusque
372 925 492 998 habuit,
519 947 610 1007 quam
632 937 666 987 ut
691 929 803 988 civium
830 930 961 1006 animos,
990 949 1065 1009 quos
1086 931 1181 992 hostis

25 1029 154 1088 abillo
175 1047 241 1089 asse
258 1026 383 1086 volebat
398 1009 489 1107 quani
509 1028 727 1103 alienissimos,
750 1030 911 1091 virtutibus
926 1030 983 1090 sibi
1003 1032 1180 1108 devinciret,

24 1151 124 1191 neve
146 1127 290 1189 socordes
311 1129 476 1208 ignavique
500 1130 624 1203 fierent,
653 1131 798 1190 institutis
820 1141 944 1192 caveret
964 1133 1179 1211 prudentibus:

25 1253 131 1307 mox,
161 1229 265 1288 oblata
294 1230 406 1308 agendi
432 1232 675 1309 opportunitate,
708 1231 821 1291 vindex
846 1234 1008 1294 acerrimus
1029 1235 1181 1294 libertatis

29 1333 191 1393 divinitus
213 1332 363 1390 excitatus
383 1331 554 1391 latitantem
575 1333 636 1392 ruri
657 1341 687 1391 et
709 1311 739 1392 in
758 1333 881 1394 urbibus
895 1335 1056 1415 populum,
1079 1337 1179 1396 horta·

28 1445 88 1495 tus
115 1453 186 1494 suos
214 1434 407 1511 impatienter
430 1433 542 1493 dudum
569 1443 813 1514 exspectantem,
843 1437 992 1496 insolam
1014 1457 1050 1496 ac
1073 1437 1178 1514 pulve-

28 1559 105 1598 rem
141 1536 296 1608 evocavit3
330 1555 369 1594 ex
402 1536 539 1608 rusticis,
572 1537 733 1615 operariis,
766 1537 997 1612 mercatoribus,
1026 1537 1180 1616 litteratis,

30 1637 291 1698 adolescentibus
323 1638 464 1715 ingenuis
491 1645 618 1715 repente
652 1639 820 1697 exercitum
851 1639 972 1717 paravit
997 1659 1058 1698 non
1090 1641 1179 1701 modo

28 1742 188 1814 hostium,
208 1738 261 1798 sed
279 1739 381 1798 mortis
403 1747 652 1816 contemptorem,
673 1739 822 1798 victoriae
839 1739 995 1818 cupidum,
1011 1741 1094 1800 vitae
1110 1763 1178 1821 pro-

32 1844 156 1920 digum.
185 1841 267 1900 Ecce
290 1840 496 1918 spectaculum
517 1839 641 1918 dignum
664 1861 723 1921 quo
744 1859 814 1899 sera
833 1841 979 1921 respiciat
999 1844 1177 1920 posteritasl

31 1945 193 2020 Princeps
222 1943 350 2020 optimus
378 1943 467 2000 ruina
495 1943 540 2000 rel
570 1940 713 2024 publicae
742 1942 867 2003 illaesus
898 1962 934 2001 ac
963 1944 1018 2004 dos
1045 1945 1177 2005 nationis

32 2048 207 2106 universae
239 2064 305 2103 cum
328 2055 457 2124 tyranno
479 2044 604 2123 eiusque
628 2044 723 2122 copiis
750 2044 840 2122 longe
862 2044 948 2104 initio
970 2045 1177 2124 amplioribus,

31 2147 96 2209 sed
134 2146 167 2204 vi
198 2146 388 2224 potissimum
417 2147 528 2204 coactis
559 2146 733 2223 compositi!
783 2145 862 2204 Tum
893 2146 1020 2223 primum
1052 2145 1177 2206 Germa·

31 2269 148 2310 norum
167 2247 309 2306 virtutem
328 2246 413 2306 velut
435 2267 450 2305 e
466 2248 552 2324 gravi
570 2267 673 2306 somno
693 2255 904 2324 experrectam
923 2247 1069 2325 vidimus,
1086 2269 1177 2329 quum
1246 2325 1255 2342 ο

31 2350 195 2412 Friderici
212 2347 356 2408 Guilelmi
379 2368 484 2407 vocem
501 2349 667 2408 iuventutis
685 2347 892 2408 nobilissimae
915 2349 1052 2411 cohortes
1074 2369 1179 2410 sacrae

34 2474 110 2514 cum
134 2451 221 2510 varia
243 2449 434 2509 multitudine
454 2449 660 2528 sequebantur
683 2449 890 2509 voluntariae:
914 2471 986 2510 avos
1010 2460 1177 2532 atavosque

35 2557 79 2616 ab
101 2553 212 2614 inferis
231 2551 347 2612 redisse
369 2551 495 2626 diceres,
519 2572 645 2632 quorum
661 2553 754 2610 nostri
776 2553 917 2631 exempla
937 2554 1179 2614 aemulabantur.

36 2659 67 2720 Ο
98 2675 242 2732 magnum
269 2653 374 2732 populi
401 2654 528 2726 bonum,
560 2653 640 2734 quod
669 2655 699 2712 in
725 2672 825 2712 rerum
853 2675 871 2712 a
904 2654 1068 2715 maioribus
1095 2656 1178 2716 clare

35 2768 198 2838 gestarum
224 2756 366 2814 memoria
396 2763 441 2815 est
469 2755 615 2834 positum!
652 2755 800 2814 Frideriei
828 2754 963 2814 Secundi
992 2756 1178 2834 magnitudo,

36 2861 163 2940 imperii
178 2857 333 2918 Borussici
356 2855 488 2936 dignitas
511 2857 648 2936 pristina,
674 2858 860 2916 exercituum
883 2857 1013 2934 priorum
1033 2857 1177 2918 fortitudo

36 2962 152 3021 animis
181 2959 311 3018 omnium
335 2958 590 3018 obversabantur:
627 2958 710 3017 illam
733 2959 859 3036 gloriam
883 2979 973 3038 quum
995 2958 1052 3018 sibi
1075 2981 1178 3022 omnes

35 3060 283 3140 recuperandam
306 3059 528 3133 decrevissent,
548 3069 581 3120 ut
604 3060 674 3120 olim
697 3060 854 3140 Spartani,
877 3061 920 3118 ita
941 3080 1029 3139 pares
1050 3062 1096 3119 his
1119 3063 1177 3121 Bo-

36 3164 151 3225 russici
176 3163 302 3221 iuvenes
324 3181 447 3222 avorum
470 3163 612 3222 virtutem
636 3182 704 3222 sese
727 3170 921 3240 superaturos
941 3171 1010 3220 sunt
1031 3163 1176 3242 polliciti:

39 3276 72 3328 et
94 3272 246 3326 steterunt
259 3264 425 3343 promissis.
441 3266 569 3336 ⁴Erant,
594 3263 763 3339 auditores,
784 3264 837 3344 qui
853 3262 1069 3323 Germanorum
1086 3263 1178 3324 decus

37 3372 69 3428 in
95 3388 133 3428 eo
152 3374 316 3447 ponerent,
340 3365 420 3446 quod
443 3365 558 3455 artibus
582 3365 772 3425 excellerent
792 3365 978 3444 litterisque,
1002 3365 1053 3444 qui
1081 3367 1110 3423 in
1130 3366 1177 3424 his

39 3471 164 3530 dulcem
182 3475 364 3548 quaererent
378 3468 545 3548 requietem
561 3467 773 3547 libertatisque
790 3469 918 3526 amissae
935 3467 1089 3526 solatium:
1107 3469 1180 3546 quin

39 3581 149 3644 erant,
183 3569 236 3649 qui
265 3569 378 3629 exteris
413 3570 504 3628 etiam
530 3569 705 3628 nationibus
734 3579 907 3638 narrarent,
943 3567 1112 3628 Germanos
1140 3567 1178 3625 ad

39 3671 195 3753 agendum
214 3692 321 3751 parum
344 3679 446 3750 aptos,
470 3692 575 3730 verum
598 3670 636 3729 ad
657 3670 879 3744 meditandum,
902 3670 941 3728 ad
965 3669 1178 3749 philosophan-

40 3777 129 3848 dum,
159 3773 199 3834 ad
220 3773 371 3832 variarum
393 3793 492 3832 rerum
515 3773 716 3851 cognitionem
738 3771 904 3853 parandam
925 3791 991 3832 esse
1013 3771 1103 3830 unice
1125 3791 1177 3828 na·

40 3889 103 3952 tos,
126 3877 240 3956 quique
264 3868 315 3935 eos
336 3875 393 3934 hoc
415 3876 536 3934 nomine
557 3875 687 3934 maxime
709 3871 934 3954 praedicarent.
981 3872 1007 3933 Ο
1034 3870 1179 3932 subdolos

40 3978 212 4040 stolidosvc
240 3976 412 4037 laudatores
444 3976 616 4037 Germanae
651 3975 792 4035 virtutis!
836 3998 852 4034 o
884 3995 995 4034 vanam
1020 3973 1179 4052 gloriolam

39 4084 229 4154 litterarum,
260 4081 286 4138 si
311 4079 437 4139 libertas
465 4079 566 4138 deest!
599 4076 806 4137 Germanosne
830 4096 867 4135 ea
888 4077 1023 4134 tenuisse
1043 4074 1179 4142 consilia,

39 4183 73 4243 id
90 4181 251 4241 admisisse
270 4180 418 4255 dedecus,
440 4189 474 4239 ut
490 4181 520 4238 in
534 4177 644 4238 litteris
659 4178 891 4258 acquiescerent
904 4177 1022 4255 patriae
1038 4184 1069 4234 et
1088 4174 1179 4232 liber·

41 4285 115 4344 tatis
140 4281 251 4342 obliti?
286 4284 354 4343 Non
379 4291 425 4343 est
444 4283 502 4354 ita,
526 4279 692 4354 auditores,
722 4285 867 4339 nonest:
899 4277 953 4337 sed
977 4275 1057 4335 docti
1081 4293 1178 4353 aeque

42 4407 111 4447 cum
133 4383 277 4460 indoctis,
307 4385 358 4445 vel
380 4385 475 4462 magis
500 4383 591 4444 etiam
613 4381 674 4456 illi,
706 4400 829 4441 saevam
851 4378 1025 4440 sentiebant
1046 4375 1178 4436 necessi·
