2800 4976
596 269 688 330 15·

460 353 467 366 0
511 355 720 366 ..ι-...εισή-

42 460 136 517 cuius
152 459 289 538 quotiens
306 478 364 536 ego
387 459 528 531 memini,
549 460 689 538 quotiens
706 457 867 518 candorem
891 457 982 516 animi
999 457 1183 536 singularem

42 570 74 619 et
96 562 268 618 comitatem
285 561 429 619 eximiam
444 559 588 620 recordor
599 561 692 619 tantis
715 561 829 637 ingenii
850 543 968 618 dotimrs
983 561 1183 634 coniunctam,

39 663 158 720 totiens
179 661 282 721 dolore
306 663 452 742 corripior
472 661 521 720 vel
544 663 674 736 invitus,
701 669 793 740 atque
819 681 838 720 a
862 681 926 736 mc,
950 662 1001 741 qui
1028 661 1184 720 familiaris

39 783 104 820 non
132 763 188 836 fui,
218 762 257 821 de
281 763 319 821 iis
346 771 481 822 vestrum
509 764 713 822 coniecturam
739 764 835 836 facin,
864 765 917 842 qni
939 764 1081 822 virtutem
1102 763 1184 822 illius

38 885 101 922 usn
127 864 215 941 longo
241 866 464 942 cognoveratis.
509 865 599 924 Have
623 865 747 943 egregia
764 866 880 924 anima:
903 875 955 925 tue
972 865 1115 924 memoria
1138 865 1183 924 vi-

37 967 86 1024 vit
112 973 142 1024 et
162 967 283 1024 victura
303 975 364 1040 est,
389 985 479 1045 quam
494 967 525 1026 in
544 965 718 1046 pectoribus
735 967 860 1040 nostris,
884 968 914 1026 in
933 967 1124 1026 monimentis
1138 967 1183 1025 in·

37 1069 141 1142 genii,
164 1069 196 1124 in
216 1066 363 1126 bonorum
386 1069 516 1126 omnium
538 1068 762 1128 existimatione
784 1069 947 1146 repositam
968 1067 1073 1128 habes.

128 1169 241 1228 Tribus
261 1169 365 1228 verbis
384 1170 489 1248 aperui
508 1189 612 1228 sensus
628 1178 763 1229 nestros:
786 1189 847 1228 non
862 1168 1079 1246 indulgendum
1093 1169 1183 1228 hodie

38 1271 189 1348 querelis.
233 1270 414 1331 Referemus
430 1270 540 1350 pedem
563 1292 580 1330 a
603 1272 710 1330 funere
734 1279 765 1329 et
786 1279 998 1330 convertamur
1020 1270 1059 1328 ad
1076 1291 1183 1349 preces

40 1371 216 1430 fundendas
237 1392 292 1449 pro
308 1372 467 1451 ¹Principis
491 1374 596 1450 optimi
620 1374 719 1432 salute
744 1383 904 1452 perpetua.
949 1373 1058 1452 Itaque
1083 1375 1184 1432 Deum

39 1473 199 1551 Optimum
220 1474 387 1532 Maximum
415 1494 596 1534 veneramur
623 1477 675 1555 pia
699 1485 818 1549 mente,
847 1483 895 1548 ut,
923 1493 1014 1555 quum
1042 1475 1184 1534 mortales
1250 1493 1260 1554 J

38 1576 119 1632 velit
141 1595 234 1655 quam
251 1575 447 1653 probissimos
468 1585 499 1634 et
520 1577 713 1636 felicissimos
734 1597 817 1650 esse,
843 1585 945 1636 servet
965 1575 1053 1636 nobis
1076 1577 1183 1636 Fritle-

37 1677 136 1735 ricum
157 1676 361 1752 Guilelmnm‚
383 1679 502 1754 Regem
522 1679 792 1756 sapientissimum,
818 1679 1026 1754 iustissimum,
1052 1679 1182 1738 clemen·

38 1779 205 1851 tissimum,
229 1780 341 1837 civium
363 1779 546 1839 excitandae
566 1781 670 1838 virtuti
691 1780 915 1860 commodisque
930 1780 1110 1839 adlevandis
1129 1801 1182 1839 na·

39 1887 120 1949 tum;
142 1881 271 1939 consilia
289 1881 384 1958 ip'sius
399 1881 600 1958 reipublicae
619 1883 821 1960 prosperrima
836 1881 996 1956 secundet,
1012 1883 1183 1962 civiumque

40 1983 157 2041 animos
187 2003 225 2040 ea
253 1982 368 2040 imbuat
393 1982 495 2059 legum
523 1987 710 2056 reverentia,
739 1985 916 2065 patriaeque
939 1993 969 2043 et
999 1985 1098 2043 Patris
1129 2005 1182 2064 pa-

39 2083 119 2142 triae
150 2104 272 2157 amore,
301 2085 354 2163 qui
385 2085 503 2162 imperii
530 2084 652 2144 labores
680 2087 907 2145 molestissimos
941 2095 993 2144 ant
1021 2085 1183 2145 sublevare

38 2183 98 2258 ipsi
131 2193 187 2242 aut
214 2184 344 2244 reddere
373 2187 464 2244 etiam
491 2186 640 2245 iucundos
669 2189 780 2264 possit:
816 2187 929 2246 deinde
960 2197 992 2245 ut
1022 2197 1181 2265 augustum

37 2284 220 2364 Principem
242 2289 330 2365 regni
353 2285 514 2360 heredem,
539 2309 623 2366 spem
648 2309 684 2346 ac
707 2287 833 2348 delicias
853 2289 971 2368 populi,
997 2289 1036 2348 ad
1056 2289 1182 2348 nobilis·

39 2387 150 2445 simum
174 2390 271 2465 patris
294 2390 468 2468 exemplum
489 2389 614 2463 formet,
642 2393 838 2471 paternisque
863 2391 933 2449 olirn
957 2391 1071 2451 artibus
1092 2411 1180 2469 prae·

38 2497 99 2547 stet
122 2489 345 2549 excellentem:
379 2500 531 2569 postremo
557 2500 590 2550 ut
616 2493 789 2552 universam
819 2492 937 2552 domurn
960 2495 1128 2571 Angustam
1151 2493 1183 2551 in

39 2610 129 2648 omne
149 2611 260 2649 aevum
282 2601 431 2652 sustentet
453 2613 489 2650 ac
511 2596 646 2671 sospitet.
