2800 4976
683 245 884 344 ma„

226 435 440 496 remittendum
469 443 500 494 et
527 433 746 514 indulgendum
776 438 938 500 censuerit.
983 439 1026 498 At
1053 449 1141 520 putet
1164 441 1305 520 aliquis,
1328 463 1367 500 me

226 541 258 597 in
282 539 369 616 Rege
396 536 551 596 laudando
579 558 685 618 parurn
715 547 785 617 apte
814 540 861 599 his
883 540 975 600 rebus
997 542 1055 614 uti,
1085 563 1177 622 quum
1200 545 1325 603 maiora
1345 559 1367 602 er

228 642 266 700 ab
290 641 370 700 omni
391 638 526 698 invidiae
548 641 720 718 suspicione
744 649 861 701 remota
882 643 1013 720 preferri
1032 645 1156 723 possint.
1203 647 1281 722 Ego
1304 667 1367 705 vcro

228 763 328 822 neque
349 743 407 801 hoc
428 743 582 801 minimum
603 743 756 818 existirn0‚
780 745 806 802 si
825 745 967 824 princeps
989 747 1020 804 in
1042 745 1165 805 militari
1187 751 1367 826 praesertin

230 845 355 925 imperio
377 843 524 904 educatus
548 853 579 904 et
596 845 741 905 formatus
757 847 837 905 inter
858 855 975 920 tantos,
999 849 1104 928 quanti
1124 870 1208 908 nnnc
1226 851 1288 909 vel
1308 859 1366 910 sunt

230 949 281 1007 vel
300 945 468 1018 habentur,
490 947 658 1006 animorum
680 957 779 1007 motus
800 949 911 1008 leniter
934 950 1012 1026 agit,
1034 969 1070 1008 ae
1091 951 1292 1010 mollioribus
1309 974 1366 1010 cen·

230 1051 317 1112 sultis
341 1069 522 1128 componere
551 1058 582 1108 et
602 1069 714 1130 pacare
735 1059 869 1126 mentes,
897 1071 988 1131 quam
1015 1052 1047 1111 vi
1068 1050 1192 1112 domare
1218 1055 1366 1134 simulque

231 1153 416 1214 exacerbare
438 1152 570 1210 mavult:
598 1172 656 1210 nec
679 1151 719 1210 de
744 1154 797 1226 iis,
818 1174 898 1232 quae
913 1175 974 1213 non
991 1154 1032 1214 ad
1048 1153 1220 1214 litterarum
1240 1157 1366 1223 scholas,

231 1255 286 1315 sed
311 1255 434 1314 adrem
458 1253 611 1333 publicam
633 1255 808 1313 universam
825 1258 993 1333 pertinent,
1018 1257 1091 1316 satis
1113 1266 1211 1316 tutam
1237 1258 1366 1338 dispute-

231 1360 345 1416 tionem
362 1377 485 1430 censeo,
501 1365 664 1434 propteroa
680 1355 761 1436 qued
777 1357 815 1416 de
830 1358 969 1416 maximis
989 1358 1096 1432 rebus,
1114 1360 1188 1438 quia
1209 1361 1283 1419 sere
1300 1362 1365 1419 elan

231 1467 390 1538 geruntur,
417 1481 478 1518 non
499 1461 664 1540 unicnique
690 1459 833 1518 iudicium
858 1468 989 1534 constat,
1017 1469 1047 1520 et
1068 1461 1219 1540 quidquid
1249 1461 1365 1533 dixeris,

232 1571 284 1622 aut
306 1563 519 1621 assentationis
543 1571 595 1621 aut
616 1562 842 1620 obtrectationis
865 1563 983 1621 crimini
1004 1565 1121 1641 copiam
1142 1564 1273 1624 feceris.
1315 1567 1365 1624 Ita·

232 1686 292 1746 que
315 1664 427 1723 abhoc
448 1665 632 1742 amplissimo
654 1685 760 1744 campo
776 1683 824 1722 me
843 1665 997 1738 contineo,
1020 1666 1162 1744 maloque
1184 1666 1275 1746 quod
1297 1689 1365 1726 sum·

231 1789 311 1826 mum
333 1775 379 1826 cst
405 1787 466 1825 non
486 1767 645 1846 consequi,
668 1787 758 1845 quam
780 1767 811 1824 iu
834 1787 869 1825 eo
889 1767 1073 1845 periclitari,
1097 1769 1145 1826 cui
1158 1789 1208 1826 me
1222 1770 1366 1847 imparem

231 1871 338 1930 sentio.
382 1867 484 1927 Hodie
512 1870 544 1926 in
575 1871 685 1929 litteris
719 1869 859 1928 consiste.
904 1867 992 1945 erae
1023 1869 1207 1928 incredibile
1239 1881 1289 1930 est
1316 1894 1366 1951 qm

231 1971 330 2032 studio
362 1969 534 2049 quibusque
567 1972 645 2030 curis
673 1979 742 2050 post
773 1971 857 2029 bella
883 1971 1042 2047 profligata
1072 1971 1104 2028 in
1133 1973 1237 2048 patria
1272 1987 1366 2033 nestra

232 2075 353 2134 alantur
376 2081 406 2130 et
429 2071 626 2148 adinventum
647 2072 730 2152 quod
749 2081 783 2130 ut
803 2073 834 2130 in
856 2073 965 2131 ceteris
982 2073 1095 2132 scholis
1119 2073 1327 2134 emendandis
1346 2087 1366 2134 rt

233 2174 417 2237 exornandis
438 2176 587 2248 cernitur,
616 2177 659 2234 ita
682 2177 713 2234 in
736 2175 968 2234 universitatum
987 2175 1155 2235 rationibus
1176 2179 1367 2253 apertissima

233 2279 423 2356 conspicitur.
468 2277 578 2336 Nonne
602 2279 696 2350 enim,
720 2285 753 2334 ut
773 2276 1064 2351 Vratislaviensem,
1085 2278 1366 2354 Regiomontanam,

232 2391 365 2441 nestram
380 2381 476 2459 ipsam
491 2400 571 2438 nunc
591 2381 741 2452 omittam,
763 2379 930 2438 Halenscm
946 2377 1147 2453 academiam,
1171 2400 1256 2459 quae
1272 2383 1369 2443 hostili

234 2484 303 2542 odio
328 2482 374 2541 bis
400 2483 553 2541 exstincta
581 2490 662 2554 erat,
691 2482 832 2540 munifice
853 2482 1023 2540 restitutam
1050 2489 1080 2539 et
1102 2481 1367 2560 Vitebergensiun

234 2585 444 2646 coniunctione
466 2585 613 2643 firmatam
633 2584 801 2663 opibusque
826 2583 950 2642 ditatam
970 2581 1133 2642 videmus?
1155 2583 1273 2644 Nonne
1296 2589 1367 2666 Gry·

231 2687 481 2769 phiswaldcnsis,
511 2689 559 2745 cni
585 2687 671 2745 multi
698 2696 834 2745 extrema
861 2693 1044 2759 metuerant,
1073 2695 1274 2748 conservatur
1295 2696 1328 2749 et
1344 2693 1367 2748 in

233 2791 387 2850 meliorem
416 2797 526 2847 statum
555 2787 738 2846 adducitur?
777 2786 857 2865 Quid
882 2786 963 2867 qued
984 2787 1093 2846 Rheno
1113 2786 1231 2846 flumini
1256 2794 1367 2869 patriae

233 2891 405 2969 nuperrime
432 2898 612 2970 recuperato
638 2891 717 2949 inter
739 2911 825 2948 arces
851 2898 882 2947 et
904 2888 1058 2966 praesidia
1077 2889 1238 2964 militaria,
1264 2895 1366 2972 quibus

233 2994 364 3052 host-ium
384 2993 513 3071 impetus
534 3012 705 3068 arceamus,
730 2993 900 3051 litterarum
919 3010 1041 3070 quoque
1059 2990 1288 3054 validissimum
1309 3019 1365 3075 pro·

232 3095 438 3175 pugnaculum
459 3095 634 3172 apponitur,
656 3093 737 3174 quod
755 3114 816 3151 non
838 3093 983 3152 infirmius
1001 3091 1217 3151 Germanorum
1237 3095 1365 3157 libertati

235 3200 449 3258 munimentum
477 3197 543 3256 fore
574 3217 770 3272 aargnramur,
801 3217 892 3276 quam
919 3195 1148 3272 Maguntiacum
1177 3203 1208 3253 et
1246 3202 1365 3260 castella

234 3299 481 3361 Confluentium‘?
522 3299 620 3376 Igitur
650 3298 681 3355 in
706 3306 792 3356 tanta
814 3298 961 3356 bonarum
983 3298 1092 3356 artium
1118 3296 1365 3361 stabiliendarmn

234 3404 428 3464 contentione
453 3403 539 3460 iuvat
561 3419 758 3477 cognoscere,
783 3399 857 3478 quid
881 3400 919 3458 sit
939 3401 1128 3476 potissimum
1151 3399 1234 3477 qnod
1256 3403 1364 3463 littera·

232 3528 298 3566 rum
318 3502 418 3564 studia
438 3505 484 3562 rei
504 3503 646 3582 publicae
666 3501 806 3560 utilitatis
824 3502 966 3574 afferant,
987 3510 1017 3560 et
1031 3501 1226 3581 quamobrem
1243 3507 1386 3564 maxime*

234 3631 252 3668 a
285 3606 474 3686 sapientibus
504 3605 672 3664 civitatium
700 3601 955 3677 moderatoribus,
990 3603 1069 3662 inter
1097 3623 1172 3682 quos
1196 3603 1364 3665 Friderieus

235 3709 406 3770 Guilelmus
432 3709 578 3785 imprimis
608 3707 757 3784 insignem
782 3705 883 3762 locum
904 3712 1002 3778 tenet,
1031 3703 1212 3782 impensiore
1236 3727 1310 3766 cura
1330 3709 1364 3766 ali
1385 3737 1386 3752 r

237 3822 267 3870 et
287 3812 384 3870 foveri
407 3809 578 3869 videantur.
1385 3805 1386 3882 l

264 3911 266 3916 ’
318 3913 399 3970 Nam
421 3913 479 3970 etsi
502 3909 643 3990 equidem
667 3909 705 3967 ab
729 3909 766 3967 iis
787 3929 848 3966 non
870 3927 1054 3987 magnopere
1075 3906 1238 3983 dissentio,
1268 3912 1362 3989 quiin
1385 3893 1386 3958 i

234 4014 343 4073 litteris
363 4012 440 4071 utile
461 4013 582 4070 omnino
595 4031 656 4069 non
676 4009 888 4087 spectandum,
911 4008 965 4068 sed
985 4029 1052 4083 eas,
1073 4017 1108 4067 nt
1122 4010 1266 4086 optimum
1284 4012 1361 4092 quid-

234 4137 294 4195 que
322 4123 353 4174 et
375 4106 648 4190 virtutem‘ipsam,
675 4133 730 4172 sua
752 4133 843 4172 eausa
867 4131 934 4171 esse
956 4111 1101 4170 colendas
1127 4119 1158 4169 et
1183 4115 1360 4172 exercendas
1385 4167 1386 4176 ,

236 4217 356 4292 dicunt3
379 4225 481 4274 tamen
504 4215 530 4272 si
553 4213 590 4272 ab
611 4215 663 4288 iis,
691 4234 769 4294 quae
793 4233 865 4272 vere
887 4213 966 4272 bona
988 4214 1062 4284 sint,
1086 4232 1189 4272 veram
1208 4215 1358 4273 utilitate-m

236 4317 392 4396 segregari
414 4337 475 4375 non
495 4303 584 4396 posse
605 4315 780 4387 considero,
805 4315 896 4373 etiarn
916 4315 1033 4374 litteras
1056 4313 1169 4373 debere
1191 4315 1278 4374 utiles
1302 4335 1358 4374 esse

235 4417 317 4480 'raud
340 4437 433 4501 aegre
455 4415 600 4478 concedo.
637 4416 747 4497 Neque
769 4436 842 4475 vero
864 4416 943 4476 hano
966 4416 1130 4474 utilitatem
1152 4416 1285 4496 appelle,
1307 4436 1358 4498 qua
