2800 4976
508 223 714 320 AL

14 415 112 495 puin
139 412 318 474 eruditionis
342 413 430 494 copia
451 413 579 490 insignis
602 411 715 472 fuerit?
757 409 841 488 Quid
868 411 950 494 qnod
971 414 1022 474 vel
1044 417 1177 496 impera-

14 528 123 576 tores
148 519 181 576 in
202 517 312 576 litteris
338 513 462 574 laudem
483 513 715 593 quaerebant?⁴
737 512 814 591 Quis
841 517 921 574 enim
943 516 1022 574 Iulio
1046 516 1179 579 Caesare

14 619 185 678 doctior?
206 619 272 700 quis
295 616 465 677 Octaviano
488 617 628 694 Augusto
649 615 834 676 litteratior?
871 617 919 676 Ac
940 639 979 678 ne
1002 618 1039 678 de
1062 620 1180 681 Tiberii

14 721 161 795 studiis,
186 720 224 780 de
243 719 365 780 Claudii
386 718 472 780 fatua
494 739 568 779 sane
591 717 763 780 eruditione
787 717 894 793 dicam,
918 739 1008 799 quem
1029 721 1180 782 Hadriani

14 845 101 881 cum
130 823 232 902 poetis
254 823 457 902 litteratisque
480 819 691 882 contentiones
713 820 865 900 Principis
887 821 1008 881 modum
1028 823 1180 883 exceden-

14 935 74 985 tes
105 923 256 1001 fugiunt?
289 925 357 1004 quis
379 945 440 984 non
461 925 504 985 M.
526 923 677 984 Antonini
700 931 730 982 et
752 922 865 980 Iuliani
886 923 1066 1001 sapientiam
1086 925 1179 984 adrni-

14 1025 148 1086 ratur‘?
172 1026 272 1103 Igitur,
292 1035 325 1085 ut
344 1027 376 1086 in
394 1027 451 1086 hoc
470 1047 571 1087 rerum
587 1025 693 1085 habitu
713 1023 822 1084 studiis
845 1023 1024 1085 liberalibus
1047 1027 1178 1086 civitatis

16 1150 111 1189 eura
135 1147 200 1187 non
223 1149 297 1208 opus
318 1138 398 1190 erat:
421 1149 603 1209 quamquam
619 1129 805 1208 Imperatore
821 1125 1011 1206 Vespasiano
1034 1130 1177 1209 eloquen-

16 1234 97 1290 tiae
124 1230 268 1290 doctores
290 1231 414 1290 labante
431 1239 496 1291 erte
519 1230 639 1290 salariis
660 1229 764 1307 augeri
786 1237 967 1306 coeperunt:
989 1229 1031 1288 ita
1052 1239 1115 1290 turn
1133 1234 1178 1291 vi·

18 1335 129 1393 detur
141 1341 335 1412 perspectum
350 1353 426 1409 esse,
443 1333 589 1392 seiunctis
605 1332 743 1411 quamvis
755 1352 772 1390 a
786 1329 890 1389 divina
899 1331 992 1409 stirpe
1009 1331 1118 1392 litteris
1129 1355 1177 1394 res

16 1437 191 1495 humanas
218 1433 296 1494 bene
323 1435 486 1512 gubernari
508 1456 569 1494 non
590 1434 650 1493 nisi
664 1433 710 1492 'ab
731 1434 769 1492 iis
786 1451 891 1512 posse,
915 1435 968 1514 qui
990 1433 1126 1494 doctrina
1149 1446 1180 1496 et

19 1538 173 1598 seientia
190 1536 348 1596 subactum
366 1538 522 1614 ingenium
545 1536 703 1609 afferrent,
725 1555 865 1615 quaeque
887 1536 987 1595 anime
1007 1537 1179 1616 sapientiae

23 1639 216 1720 praeceptis
239 1639 352 1698 imbuto
374 1639 600 1719 concepissent,
621 1639 653 1696 in
672 1657 858 1697 communem
880 1658 966 1697 usum
988 1638 1112 1699 dicendi
1133 1641 1178 1700 fa-

23 1745 158 1802 cultate
175 1761 314 1820 promere
333 1740 518 1801 didicissent.
540 1741 614 1800 Mox
630 1740 790 1816 ingruente
807 1740 901 1798 atroci
920 1739 1069 1814 barbarie,
1086 1763 1177 1822 quum

24 1853 184 1923 potentes
207 1843 326 1902 ineolis
349 1845 439 1904 armis
462 1824 613 1922 gloriam,
628 1843 660 1902 iu
681 1841 757 1900 luxu
778 1842 968 1919 voluptatem
985 1855 1177 1922 quaererent,

22 1949 162 2006 litterae
177 1944 259 2004 unde
279 1947 435 2024 profectae
454 1955 524 2006 sunt
539 1943 712 2018 redierunt,
735 1952 765 2002 et
787 1945 819 2002 iu
834 1943 997 2004 sacerdotii
1016 1945 1179 2006 Christiani

28 2048 194 2108 connubio
210 2049 442 2126 requieverunt:
465 2068 523 2108 nec
543 2047 746 2107 doctrinarum
767 2045 892 2106 scholae
913 2066 1056 2108 unacum
1079 2050 1176 2109 eccle·

26 2155 77 2210 sia
103 2152 149 2210 ob
171 2149 261 2208 aliam
281 2170 404 2210 causam
417 2151 565 2228 potiorem
587 2147 710 2227 publice
725 2149 927 2228 privatimque
947 2149 1054 2226 opibus
1070 2161 1178 2211 auctae

28 2263 61 2312 et
91 2253 215 2312 ditatae
243 2260 331 2326 sunt,
361 2273 451 2332 quarn
474 2251 554 2332 qued
576 2249 711 2310 divinam
736 2251 845 2310 mentis
874 2250 1009 2310 indolem
1032 2255 1177 2329 excit-ere,

28 2357 142 2429 alere,
162 2353 281 2430 fovere,
301 2361 392 2434 atque
407 2354 439 2413 id
459 2355 583 2414 efficere
604 2352 803 2427 videbantur,
824 2360 858 2411 ut
881 2351 919 2412 de
942 2353 1052 2414 divinis
1072 2355 1176 2415 huma·
1263 2423 1266 2430 .

29 2459 152 2538 nisque
173 2455 264 2516 rebus
283 2477 374 2535 quam
393 2456 514 2536 plurimi
535 2464 619 2516 recte
639 2457 801 2530 sentirent,
825 2457 967 2515 virtutem
985 2477 1058 2516 vere
1077 2461 1177 2519 acrius

30 2567 241 2620 sectarentur.

123 2663 167 2720 Et
188 2661 266 2720 haee
288 2660 411 2740 quidem
433 2662 465 2720 in
488 2681 556 2720 eum
576 2661 667 2720 finem
687 2659 854 2738 disputavi,
877 2669 911 2720 ut
928 2679 966 2720 ex
989 2663 1176 2740 superiorum

31 2775 210 2844 temporum
237 2763 382 2822 memoria
410 2771 546 2842 pateret,
574 2763 692 2822 litteras
719 2783 819 2842 neque
842 2783 933 2843 quum
963 2766 1056 2824 sacris
1085 2766 1175 2826 rebus

34 2869 223 2926 coniunctae
255 2873 371 2939 essent,
395 2885 435 2924 ex
456 2864 602 2924 illiberali
631 2865 734 2944 aliqua
761 2864 944 2944 sordidaque
967 2886 1059 2926 eausa
1080 2870 1176 2928 nutri-

33 2979 96 3042 tas,
128 2988 230 3048 neque
252 2968 304 3027 ubi
326 2969 482 3026 seiunctae
505 2957 724 3046 erepublica
747 2978 778 3027 et
799 2967 856 3027 sibi
879 2969 1054 3029 commissae
1079 2981 1175 3044 erant,

35 3093 53 3129 a
80 3069 275 3151 principibus
305 3071 473 3129 eivitatium
505 3071 678 3148 neglectas,
703 3068 758 3129 sed
781 3070 819 3129 ab
847 3071 894 3130 his
920 3073 1052 3132 maxime
1078 3074 1175 3134 cultas

35 3193 117 3233 csse.
163 3173 319 3232 Utramvis
347 3179 447 3230 autem
475 3171 596 3231 illarum
618 3171 825 3232 condicionem
847 3173 1054 3251 spectantibus
1075 3177 1174 3234 statim

35 3275 93 3334 hoe
124 3275 262 3348 offertur,
287 3274 430 3334 maiorem
459 3274 611 3352 quandam
638 3275 816 3335 eruditionis
842 3277 1002 3334 utilitatem
1024 3277 1174 3353 prioribus

39 3396 106 3436 esse
130 3376 301 3436 hominibus
323 3377 527 3452 obversatam,
551 3378 654 3457 quiin
677 3378 805 3437 scientia
824 3377 1033 3437 intellexerint
1053 3380 1099 3438 rei
1119 3400 1173 3458 pu·

38 3475 139 3537 blicae
166 3477 290 3538 vitalem
311 3479 372 3537 vim
395 3487 425 3537 et
446 3479 535 3560 quasi
562 3481 693 3538 animam
712 3489 905 3559 mentemque
927 3480 1071 3557 positam,
1094 3501 1173 3560 quae

40 3599 148 3660 eorpus
163 3581 220 3657 pei
241 3601 273 3640 se
290 3581 432 3657 ignarum
454 3590 596 3658 penetret
616 3601 653 3639 ac
674 3589 810 3658 meveat;
835 3589 865 3640 et
887 3581 984 3640 veluti
1000 3602 1039 3640 ex
1057 3582 1173 3663 Pytha-

41 3701 202 3757 goreorum
225 3691 392 3742 commento
416 3682 520 3742 mundi
542 3684 642 3741 anima
664 3703 682 3739 a
704 3682 804 3741 medio
828 3683 893 3760 igni
914 3683 1029 3742 Vestae
1052 3685 1172 3765 fecique

39 3782 138 3843 locum
161 3791 286 3842 tenente
308 3805 363 3863 per
384 3785 558 3844 universam
575 3805 674 3871 rerum
695 3794 834 3844 naturam
854 3785 1043 3864 pretenditur
1060 3796 1090 3846 et
1104 3809 1172 3867 por·

40 3885 159 3962 rigitur,
185 3886 332 3964 caeloque
349 3887 539 3946 extrinsecus
566 3886 751 3946 circumdata
781 3894 842 3960 est,
869 3887 912 3944 ita
939 3907 978 3947 ex
1005 3889 1171 3950 litterarum

42 3987 150 4048 scholis
178 4007 234 4065 per
261 3988 417 4047 civitatem
445 3987 572 4047 diffundi
594 3989 743 4048 rationem
777 3996 887 4047 cuneta
911 3992 1114 4051 continentem
1142 4002 1174 4052 et

42 4085 106 4148 luce
134 4109 191 4148 sua
219 4087 443 4149 collustrantem
472 4099 563 4170 atque
587 4091 781 4150 excitantem.
826 4089 889 4150 Sed
912 4093 1034 4166 animis,
1054 4101 1089 4151 ut
1109 4095 1171 4154 He-

43 4191 163 4248 raclitus
184 4190 330 4270 physicus
352 4192 409 4264 ait,
432 4193 508 4250 nihil
531 4193 633 4271 quiete
656 4192 810 4252 infestius:
833 4194 938 4272 itaque
959 4195 1095 4269 scientia,
1111 4217 1173 4254 non

44 4293 149 4365 omnis,
173 4290 228 4350 sed
250 4311 330 4370 quac
344 4293 403 4351 hec
424 4293 545 4352 nemine
566 4293 660 4370 digna
678 4295 731 4369 sit,
754 4315 810 4354 sua
827 4304 935 4372 sponte
957 4295 987 4353 in
1009 4297 1171 4374 perfeetio-

46 4409 106 4451 nem
128 4393 250 4452 nititur:
281 4415 341 4474 quo
362 4396 411 4468 fit,
433 4404 466 4454 ut
489 4415 526 4454 ea
548 4395 798 4474 rempublicam,
823 4399 871 4455 eui
894 4416 963 4456 sese
985 4399 1106 4476 penitus
1128 4401 1171 4457 in·
