2800 4976
570 1093 604 1176 Ι.

33 1258 150 1334 Oratio
177 1258 369 1334 nataliciis
401 1257 588 1333 Friderici
612 1257 795 1334 Guilelmi
822 1260 891 1334 ΙΠ.
916 1259 1155 1336 celebrandis

249 1388 285 1461 d.
313 1413 368 1463 111.
388 1388 487 1486 Aug.
510 1415 544 1462 a.
567 1410 763 1462 uncccxn.
785 1387 928 1464 habita.

515 1561 656 1570 ..--—-—-

107 1661 206 1740 Quum
239 1660 279 1720 ad
307 1663 473 1722 orationem
505 1660 703 1736 audiendam,
734 1682 795 1743 qua
824 1661 1033 1722 constituimus
1065 1660 1160 1738 Regis

32 1764 123 1840 optimi
149 1761 298 1823 natalicia
326 1784 387 1822 uon
417 1783 456 1824 ex
486 1763 586 1838 more,
614 1763 668 1823 sed
697 1783 736 1822 ex
757 1765 856 1824 animo
876 1763 968 1823 hodie
991 1747 1158 1834 celebrare,

33 1862 148 1925 Senatus
171 1865 306 1924 civitatis
329 1865 418 1924 huius
444 1865 614 1924 litterariae
639 1885 695 1923 vos
723 1866 833 1945 partim
861 1865 1020 1936 invitaret,
1047 1863 1157 1940 partim

33 1976 215 2039 convocaret,
238 1967 297 2026 viri
314 1966 524 2040 illustrissimi,
546 1965 743 2040 nobilissimi,
774 1964 953 2040 doctissimi,
983 1964 1158 2024 commilito·
1263 1985 1266 1992 Δ

31 2087 132 2147 aesque
161 2067 366 2127 dilectissimi:
396 2067 471 2147 quid
499 2065 740 2146 exspectandum
767 2075 848 2126 esset
874 2067 906 2126 in
935 2067 993 2126 hoc
1021 2065 1159 2124 laetitiae

32 2169 160 2246 publicae
194 2169 390 2242 documento,
420 2172 578 2247 ignorasse
612 2177 748 2228 vestrum
782 2168 936 2228 neminem
970 2167 1159 2227 arbitramur.

32 2270 129 2352 Neque
158 2272 239 2332 euim
267 2291 318 2330 ore
340 2271 504 2351 verbisque
533 2269 653 2330 laudari
681 2269 816 2349 postulat
843 2269 1019 2330 Fridericus
1043 2267 1159 2328 Guilel-

32 2392 99 2446 mus,
121 2393 226 2451 regum
249 2372 486 2432 modestissimus
511 2381 541 2432 et
561 2373 694 2432 maxime
721 2371 835 2448 civilis3
864 2372 1079 2450 potiusquam
1099 2389 1160 2430 non

32 2481 136 2534 tantum
164 2476 250 2552 leges
271 2476 389 2534 civitati
419 2473 486 2550 det,
516 2473 586 2549 sed,
610 2474 710 2555 qualis
735 2493 802 2534 esse
827 2473 938 2534 debere
961 2473 1088 2534 Graecis
1112 2491 1159 2530 sa·

33 2576 173 2652 pientilrus
194 2597 250 2636 rex
272 2576 406 2650 videtur,
430 2578 496 2655 ipse
514 2597 568 2655 pro
591 2578 664 2635 viva
687 2577 727 2634 sit
743 2577 827 2654 lege:
849 2575 961 2634 civium
975 2573 1159 2654 pectoribus,

33 2685 163 2757 tanquam
186 2677 313 2751 tabulis,
341 2679 517 2756 inscriptam
539 2677 658 2738 virtutis
683 2698 758 2736 suae
787 2677 963 2736 memoriam
986 2695 1054 2736 esse
1082 2675 1159 2747 vult,

34 2799 83 2856 quo
117 2779 155 2838 ad
192 2779 364 2857 exemplum
397 2781 493 2858 ipsius
525 2779 778 2853 moderationem,
811 2779 973 2850 iustitiam,
1005 2779 1159 2856 pietatem,

35 2882 235 2954 constantiam,
265 2881 397 2960 denique
425 2901 545 2956 omues,
574 2901 653 2962 quae
683 2880 721 2940 ad
744 2881 873 2940 salutem
893 2880 1047 2960 publicam
1067 2879 1160 2958 perti·

34 2991 110 3055 nent,
137 2991 217 3043 artes
245 2983 339 3042 bonas
370 2983 581 3062 comprobent,
612 2981 800 3055 collaudent,
835 2982 949 3054 colant,
985 2988 1159 3040 exerceant.

35 3081 131 3142 Aberit
157 3085 249 3162 igitur
273 3085 461 3165 panegyrica
487 3083 623 3144 laudatio
653 3084 766 3156 omniS,
802 3103 838 3144 eo
871 3084 968 3160 magis
996 3083 1078 3164 quod
1103 3082 1161 3140 hoc

35 3204 117 3260 genus
144 3187 332 3258 universum,
361 3187 470 3264 partim
497 3206 515 3244 a
541 3185 766 3258 laudatoribus,
793 3186 903 3270 partim
929 3184 966 3244 ab
993 3185 1082 3263 ipsis,
1109 3182 1180 3262 qui

36 3284 241 3361 laudabantur,
266 3287 366 3346 levem
391 3286 524 3366 aliquam
546 3287 639 3346 traxit
662 3295 774 3345 notam.
819 3286 942 3345 Etenim
969 3306 1008 3345 ex
1031 3305 1090 3365 quo
1112 3303 1161 3342 res

36 3387 147 3463 publica
166 3388 404 3448 Atheniensium
432 3388 545 3468 optimo
573 3388 698 3446 consilio
717 3387 862 3458 instituit,
890 3394 924 3446 nt
949 3386 1073 3466 publice
1095 3385 1160 3443 lau·

38 3487 166 3548 darentur
185 3491 284 3564 cives,
303 3490 355 3568 qui
374 3510 441 3549 cum
458 3489 595 3549 hostibus
614 3488 825 3568 depugnantes
844 3489 976 3563 fortiter,
999 3487 1178 3566 gloriosam,
1246 3481 1252 3492 ’

37 3609 88 3665 pro¹
110 3591 209 3669 patria
242 3597 367 3649 mortem
399 3589 625 3650 occubuissent:
661 3593 801 3671 quamvis
837 3598 1045 3668 argumentum
1080 3595 1163 3646 esset

37 3692 211 3773 praeclarum
227 3692 497 3770 magnificumque,
516 3701 618 3752 tamen
632 3712 671 3752 ne
687 3695 719 3750 in
733 3693 792 3752 hoc
808 3690 930 3772 quidem
945 3687 1162 3770 pertractando

39 3791 208 3853 adulationis
231 3794 364 3871 speciem
388 3795 523 3871 effugere
547 3803 681 3854 oratores
703 3795 810 3854 summi
833 3801 1009 3874 potuerunt,
1033 3790 1112 3872 quod
1132 3791 1163 3849 in

39 3890 130 3952 laudes
153 3895 347 3973 superstitum
367 3897 502 3973 evagari,
522 3915 616 3977 qnam
636 3896 668 3954 in
690 3895 900 3954 defunctorum
920 3894 1085 3954 consistere
1102 3893 1162 3951 vir-

40 3995 137 4055 tutibus
159 3995 343 4056 extollendis
365 3997 545 4056 maluerunt.
592 3997 784 4076 Quamquam
809 3998 904 4056 minor
932 3995 1023 4074 culpa
1045 3994 1163 4055 eratin

40 4093 87 4154 hac
111 4097 247 4157 vivorum
275 4099 427 4157 hominum
454 4098 700 4176 praedicatione,
731 4098 813 4179 quod
840 4119 900 4156 non
922 4117 1000 4156 unus
1022 4105 1053 4155 et
1076 4096 1163 4169 alter,

41 4195 87 4253 sed
112 4200 252 4258 universa
279 4198 456 4258 laudaretur
484 4200 609 4259 civitas:
643 4221 748 4258 verum
774 4199 920 4259 translato
949 4219 967 4257 a
994 4197 1095 4256 multis
1124 4194 1163 4253 ad

41 4316 119 4356 uuum
139 4300 280 4380 imperio,
304 4299 343 4358 ad
364 4301 457 4360 vilem
480 4301 725 4380 illiberalemque
743 4301 978 4361 assentationem
991 4299 1084 4358 rediit
1098 4298 1162 4355 lau-

43 4395 113 4457 datio
145 4420 162 4458 a
192 4401 381 4488 nobilissimo
414 4402 553 4481 profecta
587 4403 683 4462 initio.
728 4403 807 4462 Nam
840 4409 874 4462 ut
900 4403 1033 4461 omittam
1068 4398 1163 4458 Grae-

87 4503 184 4547 Boeclrhil
199 4505 268 4549 orsu.
924 4503 936 4562 l
