2800 4976
765 179 784 240 8

204 371 315 432 dicitur
336 368 460 449 publice
483 378 514 430 ct
536 388 610 428 coac
611 375 660 429 tus
688 388 727 428 ex
748 367 890 428 undecim
913 367 1047 442 chordis,
1070 388 1149 448 quae
1172 368 1275 448 plnres
1296 391 1361 430 se·

203 481 288 554 ptem
312 479 429 546 essent,
451 469 645 544 rescindere,
668 478 701 528 ιιι
725 471 825 550 quivis
846 471 892 528 rei
919 469 1061 549 publicae
1088 472 1255 531 severitate
1277 493 1360 551 spe·
1390 437 1391 506 l

205 582 287 634 ctata
309 580 501 634 revereretur
524 573 666 650 Spartam
694 571 807 632 inferre
820 565 1001 651 quidquam
1028 572 1239 648 inhonestum,
1266 595 1359 633 neve

204 695 337 756 unquam
360 677 556 736 certaminum
579 675 760 733 musicorum
781 673 1007 732 imminueretur
1031 672 1134 732 decus.
1179 675 1297 754 Inque
1325 679 1361 734 si

204 796 331 837 scaevos
353 776 450 840 fuisse
464 774 725 835 Lacedaemonios
741 773 840 848 dices,
865 774 975 834 saltem
987 775 1045 833 hoc
1066 783 1187 850 teneas,
1212 778 1358 836 musicae

203 878 401 959 peritissimos
424 877 506 957 apud
529 885 662 951 veteres,
682 884 712 936 et
733 877 814 936 iniis
836 877 1019 954 Dionysium
1040 876 1358 938 Halicarnasseusem

204 1003 240 1042 ac
261 981 458 1040 Plutarchum
488 1000 507 1038 a
536 978 696 1038 Timotheo
726 979 852 1058 eiusque
881 977 1027 1037 similibus
1056 988 1226 1058 corruptam
1255 983 1355 1040 musi·
1390 1055 1391 1070 ἵ

204 1103 271 1142 cam
292 1101 427 1142 censere.
465 1079 548 1162 Quid
570 1100 643 1140 vero
664 1079 745 1159 quod
765 1099 804 1140 uc
821 1079 987 1140 Homerum
1009 1079 1131 1159 quidem
1152 1083 1219 1140 sine
1242 1103 1355 1161 repre·

204 1185 353 1244 honsione
383 1182 539 1243 dimissum
569 1203 587 1240 a
617 1182 776 1261 Spartanis
804 1189 937 1254 constat,
965 1181 1045 1261 quod
1075 1183 1170 1240 vitam
1197 1203 1259 1242 non
1283 1185 1353 1243 Do-

203 1287 313 1360 ricam,
349 1286 407 1344 hoc
436 1293 483 1344 est
507 1303 630 1362 parcam
661 1284 943 1362 continentemque,
977 1283 1032 1344 sed
1056 1283 1196 1344 luxuriae
1226 1305 1264 1345 ac
1294 1308 1353 1346 ne-

206 1388 370 1468 quitiarum
391 1387 513 1464 plenam
534 1385 670 1444 Ionicam
690 1383 880 1444 imitaretur?
903 1385 1158 1465 adstipulantibus
1174 1387 1225 1446 vel
1239 1389 1274 1446 in
1289 1389 1354 1448 hac

205 1489 313 1550 summi
333 1489 451 1566 ingenii
473 1487 698 1566 vituperatione
717 1487 791 1546 viris
815 1495 844 1544 et
865 1487 968 1566 probis
990 1495 1021 1546 et
1048 1487 1253 1566 sapientibus,
1284 1491 1351 1572 Py-

205 1591 334 1668 thagora
362 1587 479 1666 Samio,
513 1587 707 1667 Xenophape
733 1586 933 1667 Colophonio,
967 1589 1123 1648 Heraclito
1151 1590 1289 1670 Ephesio
1317 1602 1353 1652 ct

205 1692 329 1752 divinae
348 1692 458 1750 mentis
479 1690 658 1771 philosopho
673 1691 818 1749 Platone:
842 1695 875 1748 ut
896 1710 957 1748 non
978 1690 1088 1748 iniuria
1106 1691 1352 1753 Lacedaemonii

205 1793 377 1872 sapientiae
392 1793 630 1858 ,uetustissimae
658 1799 797 1864 auctores
827 1799 857 1850 et
884 1799 1098 1870 praeceptores
1125 1813 1143 1851 a
1165 1795 1351 1873 quibusdam

204 1895 359 1975 perhiberi
381 1894 553 1954 videantur.
585 1893 715 1972 Tyrtaei
738 1899 839 1952 autem
854 1893 1051 1966 carminibus,
1073 1893 1203 1954 bellicae
1225 1897 1350 1956 virtutis

205 1996 347 2070 stimulis,
371 2017 434 2056 non
461 1995 557 2056 solum
583 2002 616 2053 ut
647 1993 820 2053 embateriis
846 1995 1009 2054 utebantur
1037 1994 1076 2053 ad
1104 2017 1237 2074 pugnam
1261 1999 1348 2058 ince-

206 2098 328 2172 dentes,
353 2118 457 2158 verum
480 2117 517 2157 ea
540 2097 631 2156 etiam
645 2097 677 2154 in
698 2095 804 2156 castris
820 2105 889 2175 post
912 2117 1037 2157 coenam
1059 2098 1172 2176 singuli
1193 2099 1348 2159 cauebant

206 2200 352 2260 certatim.

291 2300 355 2362 Sed
373 2321 550 2362 revocemus
569 2321 625 2359 nos
645 2320 663 2358 a
682 2298 771 2358 rebus
787 2297 1019 2378 Spartanorum,
1040 2300 1149 2381 quibus
1165 2321 1213 2361 me
1232 2302 1347 2363 diutius

204 2406 393 2464 immoratum
420 2401 524 2477 video,
559 2410 590 2462 et
623 2401 829 2481 exspatiemur
856 2401 887 2459 in
914 2401 1060 2462 laetiores
1088 2403 1346 2486 iucundioresquc

204 2505 327 2565 Atticae
349 2503 526 2565 eruditionis
546 2523 683 2582 campos,
704 2502 757 2562 ubi
778 2511 883 2578 natas,
908 2502 1004 2579 altas,
1026 2503 1179 2584 perfectas
1193 2506 1344 2568 liberalis-

203 2609 294 2667 simas
316 2590 396 2666 artes
410 2595 631 2686 conspicimus.
677 2605 761 2682 Quos
790 2625 881 2683 quum
909 2603 1029 2682 ingredi
1051 2607 1165 2684 cogito,
1188 2617 1226 2686 et
1241 2609 1344 2670 uobis-

199 2712 272 2768 cum
299 2710 330 2768 in
357 2709 394 2768 iis
421 2706 508 2766 velut
534 2707 565 2766 in
593 2707 688 2766 bortis
711 2705 874 2784 diligenter
898 2707 1021 2766 consitis
1042 2707 1254 2778 obambulare;
1282 2733 1344 2772 non

203 2831 250 2870 me
270 2809 363 2882 latet,
388 2811 414 2868 si
436 2815 554 2868 tantum
577 2817 608 2868 et
629 2817 691 2868 tam
712 2809 813 2868 nobile
834 2816 1041 2888 argumentum
1059 2813 1201 2890 persequi
1217 2813 1343 2874 uberius

202 2933 271 2972 mea
293 2912 410 2971 ratione
435 2919 466 2970 et
487 2911 623 2970 oratione
647 2910 775 2984 vellem,
804 2931 865 2970 non
888 2913 1054 2990 exaequari
1077 2932 1095 2971 a
1115 2933 1162 2973 me
1186 2913 1275 2975 dictis
1297 2918 1341 2974 fa·

203 3022 252 3073 ota
265 3033 372 3094 posse,
393 3021 423 3072 et
442 3012 538 3090 probe
554 3012 708 3092 intellige,
727 3034 789 3072 non
811 3013 909 3072 solum
921 3015 1068 3073 materiae
1088 3016 1208 3092 copiam
1221 3019 1342 3098 inopem
1390 3015 1391 3032 ¹

203 3136 250 3176 me
275 3115 394 3174 consilii
421 3113 622 3188 reddituram,
647 3115 788 3193 diemque
816 3115 899 3192 prius
931 3114 1120 3175 defecturum
1143 3139 1227 3193 esse,
1251 3139 1341 3198 quarn

203 3237 315 3297 operae
341 3218 472 3294 pretinm
494 3217 653 3292 fecissem,
682 3215 798 3275 scdt
768 3216 859 3275 etiam
887 3216 1055 3277 verendum
1081 3218 1163 3293 fore,
1193 3240 1232 3280 ne
1255 3223 1340 3283 vobis
1390 3209 1391 3300 l

201 3318 336 3380 taedium
360 3326 478 3378 crearet
497 3337 599 3376 rerum
619 3318 843 3378 notissimarum
864 3320 1052 3379 infructuosa
1081 3325 1339 3384 commemoratio:
1390 3307 1391 3390 l

202 3421 379 3500 idcircoque
412 3420 547 3480 mihit
517 3429 547 3480 ct
574 3440 629 3499 par
656 3419 775 3479 videtur
805 3430 835 3480 et
862 3421 954 3480 tutius
978 3423 1083 3500 paucis
1106 3422 1262 3502 defungi
1254 3446 1285 3484 1n
1306 3447 1340 3486 re
1390 3475 1391 3502 ,

202 3521 390 3598 eiusmodi,'
381 3544 414 3582 ιιι
433 3530 541 3605 quant
560 3523 653 3582 fueris
670 3522 803 3600 longior,
825 3531 928 3583 tamen
943 3543 1004 3582 non
1021 3524 1095 3589 mult
1084 3533 1145 3584 tum
1163 3525 1339 3604 profeceris
1390 3503 1391 3626 l

199 3627 359 3705 Igiturt
317 3625 359 3684 At
360 3625 507 3685 henarum
523 3625 657 3685 indolem
679 3623 732 3683 ubi
750 3626 919 3705 oppositam
942 3625 1071 3705 Spartae
1089 3626 1219 3686 adversa
1241 3629 1339 3690 fronte
1390 3629 1391 3652 ³

201 3728 283 3804 dico,
304 3729 369 3788 sive
392 3729 438 3788 rei
466 3707 758 3805 publicaeformam
781 3736 811 3787 et
833 3728 990 3802 instituta,
1014 3729 1078 3788 sive
1104 3730 1214 3788 civium
1237 3731 1337 3790 condi·

201 3831 333 3902 cionem,
357 3829 471 3888 victum
488 3829 661 3908 cultumque
676 3829 989 3907 universumspect0,
1014 3850 1122 3890 avere
1134 3851 1196 3890 nou
1216 3852 1335 3910 magno-
1390 3853 1391 3904 ι

199 3951 273 4012 pere
296 3931 438 3990 aberrare
467 3930 541 3988 mihi
563 3929 681 3989 videor.
725 3930 848 3989 Etenim
877 3931 982 3991 Ionica
1007 3952 1097 4010 gens,
1127 3952 1220 4012 quae,
1248 3953 1336 4012 quum
1390 3973 1391 3978 κ

199 4034 301 4092 littora
322 4031 528 4111 Peloponnesi
562 4031 813 4110 septentrionalia
842 4032 911 4092 olim
941 4033 1123 4109 habitasset,
1155 4055 1174 4093 a
1202 4037 1335 4113 cognatis

197 4133 321 4194 Atticae
344 4153 415 4198 orae
437 4133 544 4194 incolis
565 4141 690 4212 recepta
711 4131 805 4193 Asiae
833 4135 955 4194 minoris
983 4135 1052 4194 loca
1079 4137 1230 4195 maritima
1257 4138 1334 4198 iusu-

196 4237 304 4316 lasque
326 4235 470 4314 plurimas
492 4235 621 4316 posthac
641 4237 818 4314 occupavit,
844 4243 877 4294 ut
899 4237 965 4315 ipso
994 4237 1099 4296 sedum
1130 4236 1251 4298 delectu
1271 4239 1333 4314 hoe,
1390 4249 1391 4274 ι

196 4339 320 4398 navium
342 4337 486 4418 appulsui
507 4345 538 4396 et
558 4318 746 4428 uicrcaturae
770 4339 1104 4418 opportunissimarum,
1127 4339 1232 4398 miram
1251 4339 1330 4398 illam
1390 4335 1391 4390 ἶ

1390 4447 1391 4486 ι
