2800 4976
386 967 692 1124 Puauunulu
724 1037 992 1124 matronis,

210 1388 374 1502 iiugusti
398 1423 578 1484 Boeckbii
604 1443 679 1503 quae
701 1425 756 1484 hoc
779 1423 923 1484 volumine
944 1423 1131 1484 continentur
1153 1421 1260 1482 oratio·

115 1554 174 1594 nes
202 1553 293 1612 prope
320 1553 423 1594 omues
452 1534 561 1594 eisdem
588 1533 779 1596 sollemnibus
816 1533 998 1595 celebrandis
1033 1540 1101 1594 sunt
1133 1531 1259 1604 habitae,

115 1644 210 1722 Regis
227 1643 424 1705 Borussorum
447 1644 646 1722 augustissimi
669 1645 811 1706 nataliciis
829 1643 1005 1705 laetissimis.
1050 1641 1154 1720 Viginti
1177 1640 1261 1720 quiu-

118 1773 181 1832 que
201 1753 279 1813 enim
301 1754 448 1816 orationes
468 1754 606 1816 Friderici
622 1755 754 1816 Guileimi
771 1753 876 1828 Tertii,
899 1773 950 1816 sex
970 1751 1108 1814 Friden'ci
1128 1747 1260 1812 Guilelmi

119 1863 227 1935 Quarti
253 1863 355 1924 diebus
378 1865 522 1926 natalibus
549 1872 618 1938 supt
637 1865 746 1940 dictae;
775 1865 918 1926 accedunt
935 1863 1009 1924 duae
1032 1861 1179 1923 orationes
1201 1859 1261 1921 sin-

120 1974 256 2053 gulares:
279 1993 329 2047 ea,
356 1993 431 2052 quae
452 1975 482 2034 iu
503 1975 698 2036 universitatis
720 1974 919 2036 Beroiiuensis
941 1971 1124 2033 dedicatione
1143 1979 1188 2032 est
1210 1971 1262 2030 ba-

119 2084 200 2157 bita,
223 2091 252 2143 et
271 2083 411 2144 Friderici
433 2085 566 2149 Guilelnu'
588 2085 675 2146 Tertii
700 2083 826 2145 laudatio
848 2084 987 2146 funebris.
1033 2081 1188 2142 Orationes
1208 2081 1262 2140 bas

120 2213 204 2255 nunc
225 2194 395 2254 coniunctas
417 2195 522 2255 iterum
546 2195 591 2254 edi
614 2195 757 2256 noluisset
778 2203 894 2268 auctor,
919 2194 975 2254 nisi
999 2192 1095 2265 muiti,
1120 2191 1168 2269 qui
1193 2189 1261 2250 olim

122 2323 213 2366 tinam
237 2311 266 2364 et
287 2304 407 2364 alteram
427 2305 611 2378 audiverant,
634 2305 663 2365 id
686 2305 893 2385 postulassent.
938 2303 1002 2364 Non
1025 2311 1121 2363 autem
1145 2300 1190 2360 edi
1212 2319 1262 2360 cu·

120 2423 221 2476 rasset
242 2434 294 2475 sua
317 2422 438 2494 sponte,
467 2415 545 2491 quod
570 2415 663 2475 ineis
692 2416 806 2489 insunt,
836 2433 911 2492 quae
939 2413 994 2492 ipsi
1020 2411 1171 2472 videantur
1196 2429 1262 2470 esse

121 2525 299 2586 excusanda.
343 2524 472 2585 Primum
501 2525 577 2584 enim
601 2526 694 2602 quod,
725 2544 799 2603 quae
822 2543 938 2602 quoque
961 2541 1037 2583 anuo
1059 2522 1129 2582 dixit
1151 2528 1262 2593 auctor,

122 2655 158 2696 ea
195 2635 231 2694 ad
264 2635 352 2694 huius
379 2635 446 2694 anni
472 2654 520 2694 res
549 2643 578 2694 et
606 2635 795 2696 condiciones
823 2641 892 2696 sunt
919 2633 1153 2700 accommodata,
1190 2637 1262 2704 tum,

122 2764 216 2823 quum
245 2745 422 2806 haberentur
449 2745 612 2820 orationes,
647 2744 747 2817 facile,
776 2764 834 2823 quo
869 2745 996 2824 quidque
1024 2749 1186 2824 spectaret,
1219 2748 1264 2802 est

121 2854 320 2916 intellectum:
345 2873 425 2915 nunc
448 2855 547 2916 multis
570 2855 654 2916 annis
679 2855 839 2916 interiectis
858 2845 983 2935 possunt
1005 2853 1165 2932 generatim
1188 2852 1263 2911 dicta

122 2964 232 3037 videri,
275 2983 348 3043 quae
379 2965 415 3024 ad
447 2974 633 3046 praesentem
675 2973 737 3026 tum
770 2985 868 3026 rerum
905 2972 1012 3026 statum
1052 2962 1263 3024 referebantur.

123 3074 238 3134 Deinde
260 3083 363 3136 auctor
375 3075 463 3150 vidit,
485 3075 530 3136 vel
550 3076 616 3155 ipso
638 3073 727 3136 invito
746 3074 908 3153 aliquamm
923 3093 1021 3135 rerum
1043 3072 1213 3135 memoriam
1234 3072 1265 3133 in

123 3184 174 3244 bis
188 3185 368 3246 orationibus
384 3205 450 3246 esse
462 3185 614 3260 iteratam,
630 3187 707 3264 quod
721 3185 861 3265 temporis
872 3185 916 3245 vel
929 3183 1092 3263 argumenti
1108 3181 1264 3245 similitudo

124 3293 165 3353 ad
189 3292 292 3354 similia
315 3295 437 3356 dicenda
462 3295 640 3357 incitaverat.
689 3295 846 3356 Excusavit
867 3295 1034 3356 huiusmodi
1061 3291 1264 3374 repetitionem

125 3409 232 3463 auctor
260 3404 329 3464 hinc
355 3405 441 3480 inde,
471 3413 502 3466 ut
530 3425 559 3485 p.
584 3407 644 3466 217
681 3414 709 3465 et
729 3403 807 3479 296,
840 3413 868 3465 et
895 3412 998 3466 censet
1025 3425 1057 3466 se
1087 3405 1123 3464 de
1155 3402 1265 3462 eisdem

125 3513 218 3574 rebus
240 3533 299 3574 non
319 3515 405 3595 plane
427 3515 530 3576 eadem
551 3516 668 3578 dixisse.
713 3515 810 3575 Tertio
831 3515 896 3575 loco
916 3522 1018 3576 auctor
1033 3511 1215 3593 temporibus
1238 3519 1267 3572 et

124 3623 218 3685 rebus
242 3625 481 3686 commotioribus
506 3646 565 3686 non
594 3626 657 3686 sine
678 3625 720 3686 ira
745 3633 774 3685 et
797 3624 893 3685 studio
916 3645 948 3685 se
967 3625 1075 3686 dixisse
1096 3623 1267 3698 consuetum

127 3733 209 3812 quod
237 3742 401 3814 temporum
431 3745 551 3796 excusat
579 3737 663 3797 ratio.
715 3735 796 3806 Quae
823 3753 871 3795 res
898 3735 935 3795 ad
964 3734 1122 3795 secundam
1150 3731 1268 3813 potissi·
1325 3730 1326 3734 ’

126 3862 210 3904 mum
233 3853 345 3924 spectat
366 3845 544 3921 orationem,
568 3847 597 3906 iu
621 3865 677 3924 qua
700 3863 775 3923 quae
796 3845 897 3906 insunt
918 3844 1088 3906 invidiosius
1110 3843 1202 3917 dicta,
1223 3863 1267 3917 ea,

126 3954 185 4014 etsi
210 3961 271 4014 tum
301 3955 486 4016 audientibus
513 3965 634 4036 accepta
659 3957 794 4030 fuerunt,
826 3974 904 4015 nunc
929 3955 1076 4016 omisisset
1103 3954 1148 4014 uel
1175 3960 1268 4014 retra·

127 4071 240 4125 ctasset
259 4073 377 4140 auctor,
407 4067 463 4127 nisi
488 4067 561 4127 haec
582 4066 742 4127 immutatio
765 4066 826 4127 visa
849 4072 927 4126 esset
951 4072 980 4125 et
1008 4064 1105 4126 delere
1127 4063 1268 4143 temporis

126 4172 208 4234 iliius
221 4175 390 4236 memoriam
402 4177 617 4254 imaginemque
631 4195 665 4238 ea
679 4175 809 4237 oratione
827 4193 1004 4254 expressam,
1027 4183 1056 4236 et
1078 4173 1162 4252 quasi
1180 4149 1275 4251 quae-⁸

127 4283 197 4344 dam
227 4303 293 4345 esse
320 4287 511 4365 reprehensio
539 4305 640 4348 eorum
664 4305 805 4348 sensuum
834 4293 864 4346 et
891 4285 1128 4357 contentionum,
1162 4282 1268 4361 quibus

128 4401 193 4453 tum
211 4393 351 4456 Borussia
367 4396 502 4457 universa
518 4395 690 4474 agitabatur.
732 4397 800 4475 Ipse
822 4402 920 4455 orator
940 4394 1016 4455 ultro
1032 4395 1139 4455 fatetur
1153 4411 1181 4472 p.
1198 4389 1268 4466 241,
