2800 4976
603 245 643 308 45

519 331 726 342 ..—-.-—-—-

26 438 165 510 varios,
188 435 397 510 afferentibus,
418 445 452 494 nt
466 455 608 515 quaeque
624 434 848 515 postulaverat,
872 433 1004 512 insignia
1019 433 1188 510 comitibus,

28 537 239 596 academiam
259 537 469 614 inauguravit,
492 537 702 596 Protectorom
720 537 750 593 in
769 534 945 594 cathedram
960 544 1102 594 vocatum
1117 555 1187 613 pur-

26 659 116 719 pura
136 638 244 697 induit
265 638 457 718 sceptrisque
479 639 613 711 ornavit,
633 637 818 714 privilegiis,
834 635 986 710 clavibus,
1004 635 1087 710 albo,
1103 637 1186 714 sigil-

28 742 70 799 lis
98 740 247 812 traditis,
270 728 502 818 insignibusque
521 739 650 816 singulis
670 747 742 817 apte
765 738 938 816 explicatis.
983 737 1065 796 Dein
1087 757 1188 796 sacra·

28 852 184 901 mentum
202 840 331 900 dictum:
354 842 516 900 l’rorector
533 842 646 919 gratias
663 841 740 917 egit:
768 859 982 918 campanarum
1001 859 1107 915 sonus,
1129 839 1189 898 fra·

30 965 91 1021 gor
109 953 336 1002 tormentorum
357 943 476 1002 caelum
500 943 655 1020 implebat.
699 941 737 998 In
758 941 824 999 foro
843 941 956 998 nummi
978 942 1076 1020 sparsi
1090 942 1121 999 in
1136 940 1187 1000 de·

31 1045 213 1104 dicationis
235 1045 411 1103 memoriam
433 1045 530 1102 forma
551 1044 665 1123 triplici
686 1043 837 1121 percussi,
861 1050 892 1102 et
914 1043 1015 1100 vinum
1031 1042 1115 1102 fonte
1137 1062 1188 1120 ge·
1223 1036 1226 1044 ’

31 1148 121 1204 mino
154 1145 340 1226 plebeculae
371 1145 543 1225 profusum,
571 1144 641 1204 dnm
666 1145 698 1203 in
726 1144 839 1222 templo
860 1163 971 1202 numen
993 1153 1188 1202 venerantur.

30 1249 112 1306 Post
143 1268 228 1328 quae
253 1247 337 1306 mille
361 1244 485 1306 ducenti
512 1249 544 1306 iu
565 1247 682 1325 palatio
704 1244 919 1324 epulabantur,
944 1243 1082 1304 doctores
1110 1244 1188 1304 ordi-

33 1351 120 1408 narii
147 1369 219 1408 cum
234 1349 377 1408 Electore
403 1357 434 1406 et
456 1350 549 1407 fratre
570 1349 734 1426 legatoque
758 1345 926 1419 Caesareo,
947 1345 999 1405 alii
1015 1367 1082 1406 cum
1100 1347 1192 1418 comi-

34 1452 123 1510 tibus
152 1461 186 1510 et
205 1451 329 1525 aulicis,
354 1459 385 1509 et
407 1453 470 1509 suis
489 1451 521 1509 in
544 1450 684 1508 tricliniis
701 1447 832 1508 Ordines
850 1446 1099 1528 Magdeburgici;
1123 1449 1188 1507 uni·

36 1573 135 1612 verse
164 1561 266 1611 autem
287 1552 326 1611 ad
341 1553 400 1610 tria
421 1552 505 1610 milia
526 1552 679 1610 bominum
700 1550 753 1608 illo
770 1549 820 1610 die
839 1549 991 1608 Electoris
1012 1551 1188 1610 munificen-

37 1655 83 1712 tia
109 1655 250 1733 excepti.
293 1653 447 1712 Postridie
469 1655 500 1712 in
524 1651 602 1712 aede
625 1653 743 1710 Mariae
766 1650 903 1710 doctores
919 1659 949 1709 et
970 1651 1105 1728 magistri
1129 1661 1189 1710 tres

40 1764 72 1812 ct
96 1755 329 1835 quinquaginta
349 1757 444 1816 creati
466 1763 553 1831 sunt3
578 1753 776 1833 digressoque
798 1761 906 1832 postea
922 1752 1057 1831 Principi
1080 1755 1110 1810 in
1133 1773 1187 1832 pu·

40 1857 215 1915 blicatione
237 1857 467 1934 privilegiorum
486 1855 720 1934 Christophorus
740 1853 893 1914 Cellarius
909 1855 1017 1913 iterum
1040 1855 1103 1931 egit
1120 1874 1188 1932 gra·

41 1959 114 2017 tias.
163 1958 252 2016 Nihil
275 1957 343 2016 dico
364 1957 401 2016 de
424 1958 538 2018 libellis
557 1957 777 2034 gratulatoria,
799 1955 951 2036 epistolis,
976 1955 1168 2018 carminibus·

131 2058 229 2118 Cuius
259 2061 350 2136 igitur
376 2060 421 2118 rei
450 2079 543 2117 causa
564 2058 642 2117 haec
665 2057 920 2118 commemoravi?
943 2057 993 2116 An
1012 2066 1046 2116 ut
1068 2077 1188 2136 compa·

41 2163 168 2220 ratione
191 2161 382 2219 sollemnium
404 2161 649 2238 gravissimorum
671 2159 789 2218 elevem
813 2160 891 2219 haec
915 2158 1041 2217 nostra?
1085 2159 1133 2218 An
1155 2167 1189 2218 ut

43 2263 172 2320 litterae
195 2282 276 2319 nunc
294 2263 445 2320 contemni
468 2270 499 2322 et
514 2260 632 2340 despici
655 2279 692 2319 ex
714 2261 820 2318 horum
837 2260 986 2318 tenuitate
1003 2258 1188 2320 videantur?

44 2365 177 2422 Minime
205 2383 295 2420 vero:
329 2383 430 2443 neque
459 2364 539 2422 enim
568 2364 634 2421 sine
657 2382 771 2422 summa
792 2361 903 2420 iniuria
933 2360 994 2420 dici
1022 2361 1188 2442 quidquam

44 2464 219 2524 istiusmodi
236 2472 347 2542 potest.
394 2462 456 2522 Sed
481 2464 612 2523 illatum
632 2484 671 2523 ex
685 2464 767 2523 illius
788 2463 897 2522 aetatis
917 2463 1039 2540 ingenio
1055 2471 1087 2521 ct
1106 2484 1188 2524 more

44 2566 170 2624 illorum
192 2566 346 2624 hominum
375 2573 445 2623 acta
470 2584 572 2646 neque
592 2567 698 2643 inepta
721 2563 875 2623 censenda
898 2572 980 2639 sunt,
1010 2584 1101 2643 quum
1124 2567 1186 2624 sint

45 2669 96 2745 pia
125 2676 159 2726 et
186 2667 312 2741 decora,
341 2687 400 2726 nec
425 2676 580 2746 tamquam
606 2668 697 2726 unice
718 2673 803 2724 recta
830 2663 1043 2742 suspicienda,
1066 2685 1146 2746 quae
1167 2687 1186 2726 a

45 2769 186 2848 principe
209 2769 270 2826 sint
289 2777 375 2846 gesta
396 2776 430 2826 ut
447 2767 527 2826 bono
551 2776 581 2826 et
607 2769 775 2828 litterarum
798 2766 1018 2841 amantissimo,
1041 2769 1084 2826 ita
1106 2789 1184 2828 sum-

46 2878 154 2946 ptuum
183 2877 214 2928 et
240 2889 417 2949 pomparum
443 2868 525 2927 haud
554 2867 644 2930 dubie
671 2869 773 2928 nimio.
817 2869 882 2928 Nos
911 2869 1033 2946 quidem
1055 2868 1185 2930 vidimus

47 2979 213 3049 apparatus
246 2970 477 3048 superbissimos
499 2969 586 3028 brevi
608 2970 718 3030 dilabi:
750 2991 798 3030 res
829 2969 979 3030 adversae
1007 2969 1184 3032 modestiam

49 3070 232 3147 docuerunt,
260 3091 421 3152 rerumque
448 3073 608 3132 veritatem
633 3072 736 3152 specie
761 3072 845 3130 inani
868 3072 1016 3149 potiorem
1037 3072 1183 3134 iudicare.

48 3171 93 3230 Ac
122 3174 212 3252 siqua
246 3175 366 3252 species
395 3173 548 3255 hodieque
575 3172 800 3253 praetenditur:
835 3193 1016 3253 quamquam
1044 3195 1083 3234 ne
1112 3175 1183 3234 aula

49 3274 172 3350 quidem
200 3284 286 3334 tanta
313 3295 438 3334 munera
462 3274 539 3334 edit:
570 3284 652 3335 certe
673 3296 692 3333 a
713 3274 818 3334 schola
841 3274 1017 3335 eruditionis
1051 3285 1183 3336 ostenta·

49 3374 160 3435 tionem
198 3376 366 3456 quamlibet
400 3377 543 3436 malueris
574 3377 692 3436 abesse.
743 3374 894 3454 Quocirca
927 3377 953 3436 si
986 3378 1183 3437 excusatione

50 3475 110 3534 nlla
133 3487 205 3556 eget
223 3479 413 3538 sollemnium
433 3478 539 3537 horum
561 3477 739 3556 simplicitas
757 3498 848 3555 pura;
870 3477 964 3536 habet
984 3477 1182 3556 indignitate

50 3573 215 3637 litterarum
244 3587 274 3638 et
301 3580 486 3658 sapientiae,
515 3578 608 3638 habet
636 3579 667 3636 in
690 3579 814 3637 Domini
831 3580 928 3638 nostri
950 3578 1099 3638 modestia
1120 3581 1179 3640 sin-

52 3677 144 3751 gulari
168 3689 198 3738 et
221 3681 259 3739 ab
285 3683 365 3740 omni
387 3682 456 3740 fuco
478 3700 601 3758 prorsus
624 3681 741 3753 aliena,
767 3679 858 3739 habet
888 3681 919 3738 in
941 3681 1001 3740 viri
1023 3682 1178 3742 excellen·

51 3777 166 3854 tissimi,
194 3781 246 3859 qui
270 3801 320 3842 res
347 3790 464 3841 nostras
494 3790 592 3854 curat,
622 3780 725 3840 indole
752 3783 856 3859 regiae
885 3783 994 3846 mentis
1017 3783 1179 3847 simillima.

52 3877 131 3939 Deus
161 3881 224 3940 illis
250 3890 410 3941 conservet
436 3883 515 3942 hanc
542 3903 641 3941 rerum
663 3883 904 3944 aestimationem
925 3893 1056 3946 rectam:
1092 3887 1179 3949 Deus

54 3991 206 4041 conservet
228 3981 417 4042 Fridericum
442 3983 642 4062 Guilelmum,
665 3984 788 4042 Patrem
810 3985 946 4062 patriae,
969 3988 1177 4048 universitatis

53 4090 166 4142 nostrae
191 4082 391 4158 conditorem,
421 4105 488 4144 cum
518 4083 604 4142 domo
627 4085 767 4162 Augusta
794 4087 952 4162 universa,
975 4089 1123 4168 nobisque
1146 4099 1177 4148 ct

53 4182 253 4260 reipublicae
280 4192 415 4262 praestet
435 4193 616 4264 perpetuum
640 4185 785 4244 bonorum
808 4189 939 4247 omnium
968 4199 1121 4250 auctorem
1146 4199 1178 4249 et

54 4293 298 4344 conservatorem.

463 4439 764 4450 Ἥ
