2800 4976
161 215 197 260 Vl

166 393 220 449 ‘se
248 385 278 448 in
306 386 352 448 his
380 387 562 451 orationihus
593 389 669 450 haud
692 409 759 451 raro
791 390 949 452 indulsisse
969 390 1066 451 animo
1092 391 1239 454 irritatiori
1272 402 1302 455 et

162 497 334 559 obsecutum
364 517 430 560 esse
456 499 547 575 odiis,
576 518 650 578 quae
678 508 843 580 temporum
865 500 982 561 iubebat
1002 500 1112 577 ratio';
1142 510 1172 562 et
1193 501 1301 564 ibidem

161 608 228 669 data
258 627 346 688 opera
369 608 499 683 monuit,
532 609 721 690 deponendas
751 629 817 672 esse
846 609 1027 685 inimicitias,
1055 630 1146 690 quum
1174 612 1300 692 primum

161 718 249 780 luerit
269 718 514 780 reconciliationis
543 720 627 800 copia
657 721 742 782 lacta.
788 720 974 800 Quapropter
997 728 1096 800 sperat
1117 729 1233 797 auctor,
1265 743 1300 784 ex

161 829 220 903 eis,
252 836 409 908 quactum
432 830 565 891 acerbius
587 837 657 891 sunt
678 830 770 904 dicta,
800 831 947 891 neminem
969 831 1205 908 aestimaturum,
1227 852 1300 910 quo-

161 940 248 1000 modo
270 939 301 1000 in
320 940 391 1014 hac,
420 958 477 1018 qua
496 959 576 1001 nunc
603 940 742 1014 fruimur,
766 940 933 1020 principum
955 948 984 1001 et
1004 941 1179 1020 populorum
1200 942 1300 1004 cultis-

161 1050 302 1112 simorum
323 1049 561 1111 reconciliatione
579 1049 747 1111 felicissima
769 1050 914 1111 animatus
935 1050 999 1130 ipse
1021 1050 1068 1111 sit.

247 1161 345 1221 Genus
375 1160 491 1220 dicendi
518 1180 578 1221 non
605 1161 633 1220 id
658 1161 774 1220 efficere
803 1160 914 1221 studuit
936 1166 1052 1234 auctor,
1082 1162 1161 1238 quod
1183 1161 1300 1224 Cicero·
1394 1129 1395 1168 l

160 1272 248 1332 niano
276 1277 355 1332 esset
384 1269 495 1344 simile,
521 1270 573 1330 sed
592 1269 647 1331 alia
669 1288 787 1348 quoque
808 1269 939 1349 exempla
963 1269 1017 1329 sibi
1040 1272 1203 1350 proposuit.
1247 1272 1299 1332 Ar-

161 1389 283 1460 genteae
304 1380 393 1460 igitur
415 1380 518 1441 aetatis
534 1400 620 1442 usum
644 1380 726 1458 sequi
744 1399 804 1440 non
826 1379 981 1454 dubitavit,
1004 1399 1100 1458 neque
1122 1399 1224 1442 omnes
1248 1399 1299 1442 eas

161 1491 416 1570 grammaticomm
439 1491 555 1570 regulas
581 1490 758 1564 observavit,
786 1508 861 1568 quae
881 1489 1021 1550 Cicerone
1043 1490 1226 1570 potissimum
1252 1491 1297 1551 ni·

111 1633 114 1639 ,
161 1609 270 1662 tuntur.
295 1589 408 1662 ²lmmo
433 1602 579 1662 interdum
608 1601 744 1663 consulto
766 1600 803 1660 ab
826 1600 868 1660 eis
890 1599 1013 1660 recessit
1038 1607 1067 1660 et
1087 1600 1227 1661 rariorem
1246 1591 1299 1662 ali-

161 1730 248 1792 quam
266 1710 382 1774 dicendi
395 1712 547 1772 lormulam
571 1712 614 1782 vel
635 1730 737 1772 vocem
759 1710 893 1791 captavit.
937 1707 1091 1770 Nonnullis
1113 1710 1298 1774 tamenlocis

161 1820 369 1883 vocabulorum
387 1823 519 1884 delectus
536 1831 562 1882 et
582 1829 728 1884 structura
750 1828 779 1882 et
800 1839 893 1901 pauca
916 1819 1058 1897 quaedam
1079 1819 1134 1880 alia
1159 1821 1297 1882 secundis

160 1931 239 1993 curis
261 1939 328 1992 sunt
352 1940 479 2006 mutata,
506 1933 584 2010 quod
607 1931 767 2010 generatim
793 1913 951 1992 indicatum
975 1949 1041 1991 esse
1063 1929 1197 1991 sufficiet
1243 1931 1298 1992 Ce-

160 2049 255 2102 terum
283 2041 368 2102 lacile
394 2050 589 2121 cognoscetur
620 2062 679 2104 non
707 2041 838 2102 omnium
867 2039 1031 2102 orationum
1059 2039 1174 2101 dicendi
1205 2059 1299 2118 genus

161 2170 227 2214 esse
253 2151 346 2226 idem,
376 2152 428 2214 sed
459 2171 511 2233 per
538 2153 654 2231 longam
680 2171 824 2212 annorum
852 2151 973 2225 seriem,
1001 2150 1108 2230 quihus
1138 2158 1240 2211 auctor
1263 2171 1309 2210 ex.

160 2261 289 2323 muneris
312 2263 409 2324 olticio
430 2262 578 2331 orationes
601 2263 655 2324 has
676 2261 793 2323 latinas
808 2261 923 2338 habuit,
944 2260 1096 2342 paullatim
1115 2260 1297 2338 aliquatenus

160 2391 226 2434 esse
248 2380 400 2434 mutatum.

244 2483 328 2544 Brevi
361 2492 521 2564 conspectu
556 2484 770 2563 comprehensa
803 2480 900 2542 addidi
936 2481 1098 2542 orationum
1127 2487 1296 2560 argumenta

161 2593 329 2673 potissima,
352 2594 502 2668 instituto,
525 2593 699 2674 utnopinor,
723 2592 801 2653 haud
821 2592 925 2653 inutili.

246 2813 357 2894 Scripsi
378 2813 507 2876 Berolini
528 2813 619 2875 Nonis
640 2812 782 2874 Ianuariis
803 2832 828 2873 a.
851 2811 1074 2888 undeetvllt.
