2800 4976
748 681 799 763 V.

204 846 339 922 Oratio
370 845 562 920 nataliciis
587 845 775 921 Friderici
799 846 982 922 Guilelmi
1004 847 1072 919 III.
1103 846 1358 920 celebrandis

414 975 449 1048 d.
465 999 519 1050 ιιι.
535 1003 583 1050 m.
598 975 697 1073 Aug.
717 1002 750 1049 a.
768 999 991 1050 uncccxvu.
1017 975 1161 1050 habita.

291 1247 442 1327 Quotiens
458 1249 531 1308 mihi
547 1249 578 1309 in
594 1250 747 1310 nataliciis
762 1250 914 1310 Frideriei
929 1249 1083 1324 Guilelmi,
1101 1249 1207 1309 Patris
1224 1251 1359 1330 patriae,

205 1353 300 1412 verba
321 1350 467 1412 facienda
486 1371 588 1410 coram
609 1352 698 1412 vobis
718 1362 803 1425 sunt,
831 1353 890 1411 viri
910 1352 1179 1426 excellentissimi,
1205 1353 1360 1423 illustres,

206 1455 363 1531 generosi,
393 1453 534 1530 collegae
557 1461 589 1513 et
610 1455 831 1514 commilitones
854 1453 1057 1525 dilectissimi3
1081 1455 1195 1514 totiens
1220 1464 1358 1514 mentem

205 1575 303 1614 meam
326 1575 418 1614 curae
443 1563 503 1613 tam
527 1556 637 1614 anxiae
658 1554 857 1634 distringunt,
880 1563 914 1614 ιιι
932 1557 1065 1615 muneris
1085 1555 1178 1614 huius
1198 1557 1357 1634 magnitu-

206 1657 309 1716 dinem
330 1665 414 1716 recte
437 1657 567 1717 arbitrer
589 1657 751 1716 aestimare
767 1658 919 1718 neminem
938 1677 1039 1735 posse,
1061 1657 1120 1715 nisi
1136 1657 1229 1716 cuius
1246 1657 1356 1717 eaden

205 1779 243 1818 ac
264 1779 333 1818 mea
356 1759 495 1818 condicio
514 1759 618 1820 fuerit.
662 1757 857 1840 Quamquam
879 1761 959 1818 enim
979 1757 1157 1838 expeditum
1185 1767 1220 1817 et
1249 1761 1356 1818 iucun-

205 1861 277 1920 dum
304 1869 363 1934 est,
390 1861 485 1938 Regis
515 1868 546 1920 et
572 1861 618 1919 rei
641 1860 786 1939 publicae
814 1862 997 1920 Borussicae
1023 1861 1152 1919 virtutes
1181 1860 1354 1932 celebrare,

208 1963 257 2021 cui
274 1963 320 2022 rei
334 1981 490 2040 nunquam
508 1983 568 2020 non
583 1963 712 2022 materia
726 1961 916 2042 suppeditat3
937 1971 1041 2022 tamen
1055 1962 1241 2036 necessitas,
1264 1982 1355 2042 quam

206 2064 269 2124 diei
282 2064 462 2122 faustissimi
480 2063 588 2139 religio
605 2063 751 2141 iniungit,
774 2065 800 2123 si
816 2083 924 2123 sensus
943 2065 1038 2124 vestri
1058 2072 1088 2122 et
1101 2072 1175 2122 vota
1190 2083 1251 2141 pro
1267 2065 1352 2138 Rege

206 2166 320 2246 optimo
347 2173 491 2242 suscepta
510 2165 639 2242 singulis
662 2167 750 2225 annis
772 2165 810 2223 ab
832 2185 892 2224 uno
914 2165 1082 2245 eodemque
1104 2166 1280 2243 interprete
1304 2183 1352 2222 ex-

206 2267 351 2346 plicanda
370 2275 455 2340 sunt,
478 2267 571 2327 facile
587 2275 688 2346 potest
704 2266 857 2326 dicentem
872 2266 1070 2340 confundere,
1094 2265 1175 2347 quod
1193 2277 1252 2326 aut
1269 2267 1351 2327 cruit-

206 2379 281 2444 tere,
305 2388 384 2448 quae
409 2369 438 2427 ei
465 2368 642 2428 iamdudum
662 2369 820 2447 potissima
841 2367 1013 2440 videantur,
1044 2377 1096 2427 aut
1122 2368 1247 2446 pridem
1273 2369 1353 2428 dicta

206 2471 276 2551 plus
303 2470 397 2530 semel
426 2481 579 2550 repetere,
601 2489 782 2549 omnemque
808 2471 908 2544 illam,
933 2489 1012 2548 quae
1035 2471 1172 2528 novitate
1193 2489 1350 2550 compara·
1387 2462 1388 2501 l

207 2582 265 2646 tur,
285 2573 429 2631 orationis
447 2573 576 2649 gratiam
594 2571 725 2652 perdere
742 2572 868 2649 cogitur.
907 2569 999 2647 Quod
1015 2571 1067 2630 ubi
1083 2572 1239 2650 profiteor,
1263 2591 1352 2632 nemo

207 2676 251 2734 ita
278 2673 392 2733 dictum
413 2674 554 2752 accipiet,
584 2683 618 2733 ut
645 2676 676 2734 in
697 2673 856 2733 Friderico
880 2672 1032 2732 Guilelmo
1054 2693 1163 2750 negem
1186 2674 1351 2732 multarum

208 2777 421 2854 variarumque
450 2773 574 2833 laudum
601 2777 720 2854 copiam
743 2775 926 2834 uberrimam
947 2783 1067 2834 extare:
1097 2773 1152 2834 sed
1174 2783 1291 2834 natura
1314 2776 1352 2831 ita

209 2877 375 2957 comparati
396 2897 508 2952 sumus,
530 2885 564 2934 ut
584 2877 649 2935 sere
671 2876 725 2934 alii
744 2875 813 2934 aliis
836 2875 952 2934 artibus
972 2877 1068 2954 magis
1091 2875 1290 2934 delectentur
1310 2882 1348 2932 at-

209 2999 269 3060 que
292 2980 460 3057 capiantur,
483 2978 692 3058 unusquisque
711 2997 784 3037 vero
807 2976 846 3035 ad
869 2997 914 3053 ea,
936 2997 1015 3058 quae
1036 2977 1096 3056 ipsi
1118 2977 1264 3055 imprimis
1286 2977 1349 3056 pla·

210 3089 314 3155 ceant,
342 3080 440 3139 acrius
468 3100 558 3160 quam
579 3079 620 3138 ad
643 3088 745 3140 cetera
767 3079 900 3138 animum
922 3079 1074 3154 intendat,
1104 3078 1159 3137 illa
1181 3078 1349 3138 studiosius

211 3181 384 3243 consideret
405 3181 639 3262 admiraturque,
663 3174 722 3239 illa'
742 3180 911 3259 spectanda
938 3190 968 3241 et
996 3179 1192 3260 suspicienda
1220 3180 1348 3239 audien-

210 3285 291 3344 tibus
313 3292 477 3365 proponat:
501 3283 582 3343 unde
604 3284 651 3356 fit,
679 3291 713 3341 ut
739 3284 770 3340 in
796 3282 983 3360 principibus
1005 3281 1167 3361 multiplici
1186 3281 1347 3358 praedica-

210 3389 293 3446 tione
316 3386 417 3463 dignis
436 3385 529 3446 iidem
545 3383 674 3444 diversis
692 3385 779 3443 annis
796 3383 835 3442 ad
854 3383 961 3442 cadem
975 3392 1141 3458 recurrant,
1165 3381 1278 3440 diversi
1296 3400 1348 3460 pro

212 3509 267 3549 suo
290 3489 418 3568 quisque
440 3487 563 3564 ingenio
585 3486 675 3546 aliam
695 3487 752 3545 sibi
773 3493 891 3565 partem
912 3493 1064 3544 sumentes
1086 3483 1193 3543 eodem
1211 3492 1347 3562 tempore

212 3591 304 3671 plane
333 3589 494 3648 dissimilia
521 3597 711 3668 expromunt.
759 3588 811 3646 Me
832 3607 915 3662 vero,
946 3587 996 3646 cui
1021 3586 1117 3646 honos
1145 3585 1346 3664 amplissimus

214 3692 371 3770 obtigerit,
399 3700 433 3750 ut
460 3693 489 3749 in
516 3699 662 3768 suggestu
684 3691 742 3749 hoc
765 3689 888 3768 publice
907 3696 1007 3747 orator
1029 3687 1162 3746 Senatus
1183 3687 1345 3746 constitue·

212 3814 271 3868 rer,
300 3794 326 3851 si
347 3791 543 3852 sollemnibus
565 3792 613 3851 his
634 3791 833 3852 sanctissimis
847 3795 923 3849 ‘mea
944 3809 1020 3848 voce
1044 3787 1235 3848 celebrandis
1256 3788 1345 3845 hodie

215 3903 354 3977 quartum
377 3895 545 3967 accinctus,
573 3901 608 3950 ut
634 3892 726 3966 illud,
756 3891 836 3972 quod
862 3891 1049 3968 significavi,
1079 3910 1134 3949 seu
1153 3889 1260 3948 vitium
1281 3891 1344 3947 sive

214 3993 436 4056 incommodum
459 3993 601 4068 devitem,
624 4013 642 4050 a
656 3994 743 4069 Rege
761 3993 870 4051 nostris
888 3993 1062 4070 praeconiis
1084 3992 1174 4068 longe
1192 3993 1343 4070 superiore

215 4099 403 4177 aliquantum
431 4094 611 4166 discessero,
638 4093 715 4152 haec
736 4113 797 4152 una
822 4095 979 4153 excusatio
1000 4094 1074 4153 satis
1096 4091 1237 4163 tuebitur,
1266 4089 1343 4170 quod

213 4199 332 4258 Plinius
346 4197 512 4256 Traianum
530 4195 624 4255 semel
639 4194 786 4254 laudavit.
817 4192 900 4271 Quid
915 4193 996 4273 quod
1016 4195 1087 4252 huic
1102 4193 1161 4270 ipsi
1183 4191 1245 4252 diei
1260 4193 1341 4252 Prin·

215 4301 336 4378 eipique
353 4307 416 4357 turn
437 4298 482 4355 rei
505 4296 627 4356 divinae
645 4303 708 4354 tum
727 4297 895 4354 litterarum
917 4295 1049 4354 feliciter
1068 4292 1341 4353 constituendarum

215 4400 330 4460 arrctori
348 4397 430 4457 haud
448 4399 666 4456 inconveniens
685 4396 814 4470 videtur,
835 4397 895 4453 iam
910 4415 990 4454 nunc
1008 4395 1182 4454 memoriam
1196 4395 1339 4453 maximae
