2800 4976
695 323 719 330 -
770 235 809 298 ht

225 425 406 499 sinuaverit,
437 421 516 484 ultro
544 445 647 486 secum
674 426 832 506 abreptam
864 428 896 486 in
928 429 1038 488 melius
1070 441 1262 508 promoveat.
1307 432 1361 490 Iam

224 528 393 610 quodnam,
416 546 546 608 quaeso,
568 529 614 588 rei
636 528 780 609 publicae
802 531 900 588 maius
926 530 1116 590 commodum
1140 535 1297 592 conciliari
1318 557 1359 613 po-

222 631 305 690 test?
335 630 449 710 quippe
469 649 565 708 quae,
586 632 646 690 nisi
667 631 877 710 provehatur,
901 629 971 690 dum
993 633 1145 706 consistit,
1170 636 1234 693 otio
1259 645 1288 694 et
1305 637 1362 694 lan-

222 751 317 812 guore
344 741 561 810 corrumpatur.
606 731 751 792 Attamen
774 753 811 792 ea
832 753 943 810 regna,
970 754 1051 814 quae
1073 735 1153 794 mole
1178 756 1237 794 sua
1262 738 1363 794 firmius

223 835 354 894 subnixa
376 843 459 906 sunt,
483 834 593 894 litteris
613 853 717 895 carere
739 836 848 894 sinon
870 837 1006 914 impunc,
1030 845 1114 896 certe
1135 839 1277 896 securius
1294 859 1356 916 pos-

224 947 308 998 sunt:
342 955 422 1015 quae
452 937 593 996 civitates
616 944 649 994 ut
674 935 833 1011 Berussia,
857 947 891 996 ut
914 946 976 997 tota
997 938 1062 997 iere
1086 938 1273 1013 Germania,
1293 943 1357 998 rici-

225 1059 332 1099 narum
360 1041 492 1118 impares
514 1037 630 1098 viribus
651 1049 734 1113 sunt,
758 1039 840 1120 qnod
863 1039 951 1100 deest
972 1039 1010 1099 ad
1034 1041 1153 1120 copias,
1179 1043 1361 1119 ingeniorum

225 1143 385 1201 alacritate
413 1141 577 1220 suppleant
598 1161 727 1202 necesse
761 1151 816 1203 est.
861 1142 930 1220 Quo
956 1142 1087 1202 deducta
1111 1163 1144 1202 re
1168 1163 1291 1221 possem
1311 1148 1364 1203 ism

226 1245 317 1304 linem
338 1243 441 1302 iacere
459 1241 498 1302 de
519 1243 688 1302 litterarum
709 1243 842 1302 utilitate
862 1244 1005 1319 dicendo,
1028 1246 1087 1305 nisi
1103 1247 1284 1326 aequalium
1297 1249 1365 1306 mul-

225 1357 270 1406 tos
298 1347 330 1405 in
352 1343 577 1425 philosophiam
607 1344 779 1404 declamare
803 1345 925 1406 diversa
948 1346 1108 1406 admodum
1129 1348 1256 1407 ratione
1278 1359 1305 1408 et
1324 1349 1363 1407 di-

225 1449 322 1508 versis
340 1468 378 1506 ex
396 1449 496 1507 causis
521 1446 672 1507 viderem:
696 1447 807 1528 quihus
826 1457 943 1508 tantum
965 1448 1051 1508 ahcst
1072 1459 1106 1508 ut
1127 1449 1303 1510 cedendum
1322 1474 1364 1510 ar·

224 1550 333 1625 bitrer,
366 1557 401 1608 ut
424 1549 470 1609 rei
500 1549 643 1628 publicae
674 1551 788 1609 nnllam
813 1551 961 1610 scientiae
982 1559 1099 1629 partem
1123 1571 1218 1632 quam
1239 1554 1363 1631 philoso-

223 1654 325 1734 phiam
351 1652 503 1712 utiliorem
538 1671 688 1714 censeam.
732 1653 812 1712 Nam
841 1654 899 1712 etsi
921 1653 986 1712 sola
1008 1653 1205 1732 philosophia
1231 1657 1365 1715 civitates

225 1757 291 1833 regi
318 1763 492 1835 nequeunt,
521 1775 612 1834 quum
640 1755 733 1813 multo
758 1775 858 1814 rerum
880 1775 936 1814 usu
959 1763 1165 1834 accurateque
1190 1765 1223 1815 et
1246 1761 1364 1838 populo·

224 1879 290 1917 rum
305 1867 335 1916 et
348 1857 482 1916 omnium
503 1859 534 1916 in
556 1857 681 1916 civitate
703 1857 907 1916 institutorum
926 1857 1099 1934 cognitione
1116 1877 1194 1935 opus
1209 1861 1264 1934 sit,
1285 1883 1364 1942 quam

224 1961 352 2018 historia
372 1957 564 2038 suppeditat:
585 1967 689 2018 tamen
709 1959 904 2038 philosophia
919 1979 980 2018 non
1003 1959 1098 2018 solum
1113 1970 1236 2020 mentes
1262 1967 1365 2022 eximie

225 2064 307 2122 acuit
329 2071 360 2122 et
378 2069 519 2134 exercet,
541 2079 638 2120 mores
662 2060 818 2132 emendat,
840 2081 938 2120 rerum
960 2061 1209 2138 gravissimarum
1235 2067 1364 2124 rationes

225 2165 374 2244 explieat,
398 2163 514 2222 animos
537 2164 751 2241 superstitione
771 2183 807 2222 ac
825 2164 999 2242 praeceptis
1019 2163 1215 2242 opinionibus
1241 2167 1364 2242 liberam

223 2289 329 2328 verum
353 2265 461 2338 etiam,
485 2264 566 2344 quod
589 2267 752 2324 maximum
775 2275 837 2341 cst,
861 2267 897 2324 iis
918 2265 970 2345 qui
992 2263 1031 2323 ad
1051 2285 1115 2324 rem
1136 2266 1300 2344 publicam
1322 2291 1364 2328 ac·

224 2370 350 2444 cedunt,
372 2369 449 2428 fines
471 2368 617 2427 honorum
639 2368 834 2428 etmalorum
857 2375 1027 2454 monstrat,
1048 2376 1079 2427 et
1100 2387 1158 2447 quo
1184 2367 1366 2448 dirigendae

224 2475 365 2534 civitates
381 2471 456 2544 sint,
479 2471 575 2551 siquis
593 2472 622 2530 ei
639 2470 811 2529 auscultare
835 2469 924 2546 velit,
945 2469 1029 2528 haud
1052 2469 1181 2529 obscure
1202 2472 1365 2550 significat.

222 2577 300 2635 Mihi
321 2573 476 2654 prefecto,
509 2592 693 2652 quamquam
718 2572 824 2631 harum
851 2571 980 2631 fortasse
1008 2591 1108 2630 rerum
1134 2593 1250 2650 perum
1279 2579 1366 2635 scitus

223 2681 335 2741 arbiter
355 2675 499 2750 habebor,
524 2694 612 2732 nemo
634 2674 672 2734 de
693 2675 806 2754 optimo
830 2674 963 2733 civitatis
987 2693 1101 2752 genere
1131 2673 1272 2736 divinius
1300 2681 1384 2746 scri-l

222 2784 321 2862 psisse
349 2777 488 2851 videtur,
512 2796 602 2855 quam
624 2775 836 2854 philosophiae
869 2774 1063 2836 academicae
1091 2775 1252 2850 conditor3
1282 2801 1365 2861 quen

224 2883 304 2965 quod
326 2891 454 2960 uterque
482 2878 652 2958 Dionysius
679 2887 869 2956 repugnante
893 2878 1059 2938 aulicorum
1089 2887 1119 2936 et
1140 2890 1364 2941 assentatorum

202 2968 319 3062 'turba‘
334 2982 455 3062 imperii
469 2989 502 3040 ut
519 2979 641 3039 videtur
656 2980 795 3040 firmandi
817 3001 909 3040 causa
931 2980 1169 3054 arcessiverunt,
1192 2992 1302 3061 potest
1321 2985 1363 3042 do·
1382 3055 1383 3066 ἶ

224 3096 363 3150 cumento
386 3103 468 3156 csse,
490 3083 580 3141 etiam
601 3083 692 3142 rebus
714 3083 856 3161 gerendis
879 3091 983 3162 aptum
1004 3103 1073 3142 eum
1095 3103 1162 3142 esse
1186 3084 1361 3145 iudicatum.

224 3190 308 3272 Quid
336 3190 362 3248 si
386 3185 527 3264 exempla
549 3185 718 3244 civitatium
739 3193 810 3244 sunt
831 3205 850 3243 a
870 3184 1058 3263 philosophis
1085 3185 1277 3246 faustissime
1304 3208 1362 3248 sne·

223 3315 312 3356 cessu
337 3286 638 3350 administratarum'?
667 3287 734 3366 quis
765 3287 844 3346 enim
869 3287 1014 3364 Magnam
1036 3286 1215 3364 Graeciam,
1249 3289 1324 3350 dum
1349 3309 1362 3345 a

223 3393 427 3478 Pythagoreis
459 3392 589 3468 regitur,
621 3389 720 3449 nescit
751 3388 845 3448 fuisse
874 3388 1097 3461 felicissimam,
1131 3388 1243 3448 iisdem
1271 3391 1362 3471 pulsis

224 3500 369 3560 continua
389 3493 542 3555 seditione
563 3489 655 3551 foede
677 3489 906 3570 perturbatam?
934 3489 1024 3568 Quod
1046 3491 1161 3549 utinam
1184 3512 1294 3551 rerum
1314 3513 1359 3571 pu·
1381 3503 1382 3573 p

222 3603 372 3662 blioarum
399 3605 533 3656 rectores
564 3593 692 3654 mallent
726 3592 939 3670 philosophiae
971 3593 1101 3668 monita,
1131 3612 1222 3671 quam
1259 3595 1358 3654 nescio

223 3724 299 3785 quas
322 3709 403 3761 artes
422 3698 525 3778 sequi:
550 3704 633 3756 certe
654 3715 715 3753 non
736 3703 823 3754 tanta
844 3694 989 3770 avaritia,
1010 3694 1141 3768 invidia,
1162 3695 1298 3772 ambitu,
1322 3696 1358 3753 lu·

222 3806 312 3864 xuria
334 3820 498 3882 oppressas
521 3798 695 3857 videremus
721 3797 870 3856 civitates.

306 3903 372 3962 Iam
389 3903 559 3962 litterarum
579 3907 611 3958 et
628 3899 764 3958 civilium
786 3919 885 3958 rerum
902 3897 1128 3973 coniunctione,
1152 3899 1278 3978 qualern
1294 3896 1356 3958 mihi

222 4005 425 4076 conformavi,
450 4002 657 4062 demonstrata
683 4009 823 4080 superest
844 4008 877 4058 ut
897 3999 1009 4073 dicam,
1033 3998 1106 4077 quid
1126 3998 1165 4059 dc
1191 4000 1353 4061 litterarum
1379 4077 1380 4092 χ

221 4113 355 4188 ipsarum
377 4106 409 4163 in
428 4102 604 4183 republica
624 4109 705 4160 statu
723 4101 795 4161 inde
817 4101 921 4180 colligi
936 4101 1088 4160 videatur.
1108 4099 1233 4182 Quippe
1250 4105 1278 4162 si
1292 4102 1351 4160 doe·
1379 4101 1380 4172 i

219 4213 367 4270 trinarum
396 4207 465 4265 linis
491 4213 574 4264 esset
601 4205 642 4280 is,
670 4205 723 4284 qui
751 4224 769 4262 a
796 4204 951 4263 nonnullis
978 4204 1168 4282 perhibetur,
1207 4217 1350 4284 quemque

241 4331 288 4370 sse
316 4330 379 4368 nou
400 4328 492 4386 posse
513 4327 605 4387 supra
628 4306 810 4385 explanavi,
844 4306 962 4364 civitati
984 4306 1099 4364 servire
1119 4305 1244 4364 litterae
1269 4303 1349 4363 debe·

270 4421 308 4471 rt:
338 4412 385 4470 sin
411 4417 449 4470 ea
470 4408 649 4470 eruditionis
672 4417 719 4467 est
741 4409 877 4486 gravitas
900 4417 993 4488 atque
1013 4405 1162 4484 dignitas,
1188 4427 1281 4485 quam
1301 4399 1347 4479 ipsi
