2800 4976
783 265 823 332 ³0

704 357 903 368 ——.

235 458 290 518 stri
305 459 378 517 Dux
394 459 556 518 Borussiae
578 459 694 534 extitit,
717 459 877 537 providere
901 479 990 538 opes,
1010 460 1120 540 quibus
1143 463 1326 541 imperium
1343 485 1386 523 ner

235 561 267 618 vi
282 581 339 618 nec
360 579 415 638 per
436 561 565 637 optimas
580 568 660 618 artes
676 571 795 638 partum
810 569 975 632 tutaretur,
997 561 1106 620 famam
1126 563 1187 622 sibi
1208 566 1386 627 conciliare

234 661 425 720 nobilitatem
448 661 506 719 sibi
525 658 697 735 devincire,
720 661 819 740 plebis
834 661 926 720 fidem
941 665 1088 739 retinere,
1106 664 1324 741 Imperatoris
1339 668 1387 724 Ro-

236 765 317 822 mani
339 763 481 841 regisque
504 761 651 820 Poloniae
671 761 801 840 gratiam
823 763 937 823 ambire
956 773 987 824 et
1008 764 1045 823 ab
1064 763 1185 823 invidia
1213 765 1343 825 ordinis
1364 789 1386 825 sc

238 863 407 923 defendere
427 862 557 922 celanda
575 863 704 922 subinde
719 863 886 942 religione,
911 864 949 925 de
972 886 1032 945 qua
1054 885 1122 926 sese
1145 864 1186 924 ad
1206 867 1385 948 colloquen-

238 965 308 1024 dum
332 971 438 1044 sponte
462 963 586 1037 obtulit,
607 963 780 1045 formasque
802 967 920 1043 varias,
942 975 1032 1047 prout
1052 987 1101 1026 res
1124 968 1332 1046 postulabat,
1354 971 1384 1026 iu·

239 1067 333 1126 duere
357 1075 479 1126 coaetus
502 1075 558 1126 est.
603 1066 670 1126 Nec
701 1076 802 1126 tamen
825 1069 1012 1148 temporibus
1034 1069 1077 1126 ita
1099 1069 1232 1143 serviit,
1260 1078 1301 1127 ut
1323 1071 1383 1127 nihil

238 1168 381 1241 auderet,
412 1167 465 1227 scd
496 1168 640 1246 periculis
662 1166 744 1226 haud
765 1170 872 1247 paucis
895 1189 927 1228 se
950 1169 1076 1228 obiecit:
1106 1169 1181 1248 quin
1207 1191 1230 1228 a
1255 1169 1382 1230 Caesare

237 1291 292 1349 per
319 1289 501 1347 praeconem
532 1277 690 1343 evocatus,
713 1277 748 1328 ut
769 1271 856 1348 regni
877 1272 1013 1350 usurpati
1035 1269 1267 1352 religionisque
1294 1274 1382 1351 pristi-

238 1391 297 1430 nae
323 1379 435 1430 exutae
456 1373 606 1430 rationem
628 1370 787 1446 redderet,
812 1380 844 1430 et
871 1369 1069 1430 creditoribus
1092 1373 1155 1431 suis
1177 1375 1380 1444 satisfaceret,

240 1472 402 1551 edictoque
424 1472 455 1529 in
478 1473 545 1550 ipsa
567 1474 651 1532 curia
672 1473 875 1550 Regiomonte
897 1474 1102 1552 promulgato,
1126 1473 1261 1534 tandem
1287 1477 1322 1534 in
1344 1497 1379 1534 co·

239 1574 331 1632 mitiis
351 1574 538 1650 Augustanis
563 1583 645 1634 terra
660 1575 823 1633 Borussica
840 1574 986 1634 Gualtero
1009 1573 1215 1652 Oronbergio,
1236 1577 1379 1655 Magistro

240 1675 355 1734 ordinis
374 1675 513 1752 addicta,
536 1685 590 1736 aut
604 1677 778 1756 principatu
801 1675 951 1736 decedere
971 1681 1026 1735 ‘aut
1044 1675 1076 1734 in
1098 1697 1245 1756 supremo
1261 1679 1378 1758 Imperii

239 1776 352 1836 iudicio
369 1798 491 1836 cansam
508 1799 600 1856 agere
617 1778 729 1836 additis
744 1778 973 1857 proscriptionis
990 1777 1079 1837 minis
1094 1779 1204 1852 iussus,
1220 1790 1378 1858 postremo,

240 1887 273 1937 ut
300 1877 490 1956 praedictum
513 1889 593 1953 erat,
622 1880 808 1958 proscriptus
831 1880 863 1937 in
893 1879 1054 1938 discrimen
1076 1901 1227 1940 summum
1249 1883 1378 1941 adduce·

239 1980 343 2052 batur,
364 1981 396 2039 ni
416 1979 492 2039 fides
512 1980 713 2040 subiectorum
735 1981 804 2059 plus
826 2001 917 2061 quam
937 1981 1077 2041 Caesaris
1099 1983 1144 2040 ira
1166 1984 1335 2060 valuisset,
1357 1995 1379 2043 el

241 2081 363 2140 fortuna
385 2081 546 2141 Albertum
571 2081 742 2142 adiuvisset
763 2083 867 2161 copias
892 2085 1101 2162 imperatorias
1123 2084 1215 2144 bellis
1234 2088 1378 2164 graviori·

241 2183 297 2242 bus
320 2183 470 2244 detinens.
505 2183 699 2261 Religionem
716 2205 789 2244 vero
806 2187 988 2264 quamquam
1005 2207 1064 2244 non
1087 2186 1226 2245 obtentui
1245 2191 1378 2268 sumpsit¹

241 2295 274 2344 ιιι
293 2287 442 2362 potiretur
464 2287 605 2363 imperio,
629 2288 742 2366 quippe
761 2287 888 2345 Lutheri
911 2286 1077 2346 doctrinam
1099 2289 1282 2364 salutarem,
1305 2313 1378 2372 quae

244 2407 280 2445 ea
302 2395 484 2464 tempestate
505 2408 560 2466 per
576 2387 773 2447 Germaniam
794 2396 825 2446 et
845 2398 942 2448 terras
962 2387 1140 2450 adiacentes
1161 2389 1378 2452 disseminaba-

242 2499 306 2562 tur,
328 2491 428 2548 animo
444 2490 564 2548 sincero
580 2490 753 2568 amplexum
777 2497 880 2549 tamen
902 2510 964 2548 non
985 2491 1149 2569 ignoravit,
1173 2503 1324 2571 quantum
1349 2517 1377 2554 ea

243 2591 281 2649 ad
301 2591 503 2670 principatum
518 2611 629 2650 novum
650 2591 864 2651 stabiliendum
883 2591 1046 2652 conferret.
1079 2593 1302 2669 Eleutheros,
1326 2600 1377 2670 eui,

246 2713 337 2772 quum
366 2693 397 2751 in
427 2694 556 2752 comitiis
586 2693 893 2771 Norimbergensibus
922 2692 1067 2753 adversus
1097 2695 1231 2754 Polonos
1266 2701 1377 2757 auxilia

242 2803 377 2873 peteret,
407 2794 563 2853 etiamtum
589 2795 737 2872 Magister
763 2796 898 2875 equitum
927 2815 983 2873 per
1009 2795 1166 2855 Andream
1197 2795 1377 2859 Osiandrum

245 2895 477 2969 conciliabatur,
505 2895 642 2954 hortatus
665 2894 826 2955 Albertum
850 2906 929 2972 erat,
953 2907 987 2956 ut
1009 2898 1109 2976 posito
1132 2897 1245 2958 ordinis
1267 2905 1375 2961 vestito

244 2996 426 3076 legibusque
448 2997 601 3075 abrogatis
616 2999 817 3076 principatum
834 2999 892 3059 sibi
909 3009 1032 3077 caperet
1047 3007 1078 3056 et
1093 3019 1218 3059 uxorem
1240 3001 1375 3079 duceret,

245 3098 326 3157 idern
350 3109 511 3158 censuerat
531 3100 706 3179 Philippus:
731 3101 832 3159 arrisit
852 3081 1014 3172 Albertus,
1039 3099 1094 3160 sed
1116 3101 1193 3159 nihil
1214 3106 1375 3182 respondit.

330 3199 428 3276 Igitur
457 3221 548 3280 quum
576 3202 697 3260 Alberti
726 3202 885 3280 imperium
911 3201 972 3261 fide
999 3222 1080 3261 nova
1107 3202 1268 3262 subnixum
1292 3217 1375 3281 esset,

246 3303 323 3361 haec
344 3285 446 3360 autem
470 3323 531 3360 una
553 3323 620 3360 curn
645 3302 807 3380 disciplina
828 3305 948 3363 saniore
969 3306 1134 3364 sustentari
1156 3313 1186 3363 et
1209 3311 1375 3368 conservari

246 3426 307 3464 non
325 3412 439 3484 posset,
460 3405 521 3463 nisi
543 3405 574 3462 in
589 3404 734 3464 Borussia
750 3405 859 3464 artium
879 3405 1084 3464 conderentur
1107 3406 1242 3480 scholae,
1266 3409 1298 3467 in
1315 3413 1374 3490 qni-

247 3507 303 3566 bus
327 3507 385 3566 viri
411 3505 608 3585 popularibus
637 3505 803 3566 edocendis
824 3506 928 3565 idonei
950 3507 1157 3585 erudirentur3
1179 3527 1268 3586 quum
1293 3533 1373 3591 prae·

246 3618 332 3668 terea
354 3607 548 3686 Sigismundo
577 3608 732 3687 Augusto,
762 3607 912 3666 Poloniae
938 3617 1000 3667 tum
1020 3611 1087 3687 regi
1110 3629 1146 3668 ac
1170 3631 1223 3669 suo
1242 3622 1395 3688 patronus

249 3713 333 3770 cuius
363 3731 419 3788 cpe
448 3719 552 3768 contra
580 3711 795 3790 Imperatorem
819 3717 850 3768 ct
872 3711 990 3789 equites
1018 3712 1049 3769 in
1068 3712 1200 3770 Livonia
1218 3717 1372 3794 praecipue

249 3832 332 3870 arma
365 3819 509 3888 parantes
537 3811 703 3889 indigeret,
731 3810 838 3872 studiis
868 3811 1007 3872 fovendis
1033 3813 1266 3890 gratificaretur,
1298 3818 1371 3896 quod

249 3912 326 3970 haec
355 3910 402 3969 illi
427 3913 562 3988 inprimis
589 3932 660 3970 cara
686 3920 802 3989 essent3
830 3922 982 3990 postremo
1005 3934 1096 3993 quum
1120 3916 1229 3974 civium
1250 3918 1371 3995 ipsorum

250 4013 423 4070 voluntates
442 4013 500 4070 hac
522 4013 580 4070 sibi
602 4034 636 4072 re
658 4015 868 4091 propensiores
890 4016 1021 4074 faceret:
1051 4016 1232 4095 intelligitur
1253 4039 1368 4079 commo·

250 4114 289 4172 da
315 4113 483 4171 litterarum
512 4133 530 4171 a
554 4114 652 4173 Ducis
680 4114 834 4176 commodo
855 4116 957 4176 aliena
980 4137 1041 4176 non
1063 4118 1169 4178 fuisse.
1214 4119 1298 4197 Quod
1317 4143 1367 4181 uon

250 4214 320 4274 ideo
344 4213 426 4288 dico,
449 4224 481 4274 ut
503 4215 631 4293 gloriam
652 4217 734 4277 illius
756 4217 953 4278 obtrectando
976 4219 1125 4278 minuam:
1148 4221 1266 4279 litterae
1288 4225 1365 4295 enim,

249 4317 391 4396 quoniam
419 4316 549 4394 ingeniis
581 4319 758 4378 excolendis
786 4320 979 4400 moribusque
1013 4320 1211 4380 emendandis
1240 4325 1365 4402 populum

248 4418 415 4478 beatiorem
438 4417 585 4494 reddunt,
612 4421 755 4497 optimum
777 4441 928 4501 quemque
955 4423 1124 4500 principem
1147 4423 1271 4484 maxime
1291 4425 1363 4484 adin·
