2800 4976
605 234 625 293 9

523 321 716 330 —m———n

42 425 212 483 animorum
234 422 416 500 agilitatem,
444 423 598 501 ingenium
620 423 732 484 mobile
757 425 854 504 magis
876 443 968 504 quam
989 425 1119 502 firmum,
1141 427 1185 486 vi·

41 535 161 608 taeque
189 526 357 585 licentioris
381 543 513 584 amorem
539 526 695 585 maritimis
726 527 858 604 negotiis
886 527 1054 587 Aristotele
1086 527 1186 588 iudice

40 630 108 688 fere
137 628 328 687 coniunctum
351 627 534 686 declaravit:
558 629 602 686 ita
619 637 735 687 tantum
758 629 858 702 abest,
880 637 913 688 ut
935 637 988 688 aut
1007 629 1185 708 optimorum

41 729 284 789 dominationem
306 729 418 788 diutius
439 749 532 808 passa
550 731 603 804 sit,
628 739 680 790 aut
700 749 838 790 sorerem
858 751 971 790 morum
983 729 1185 812 disciplinam,

39 853 104 910 qua
133 831 275 911 Spartani
297 825 543 905 delectabantur,
566 834 720 894 censuerit
744 831 949 906 tolerabilem,
970 841 1004 893 ut
1027 835 1118 892 etiam
1140 835 1184 894 vi·

38 943 103 992 tam
130 932 278 993 eiusmodi
298 934 456 1012 mancipiis
479 954 570 1013 quam
590 933 695 994 liberis
719 933 889 994 hominibus
909 937 1056 1014 aptiorem
1071 936 1184 1016 vixque

38 1037 169 1094 vitalem
193 1035 322 1094 duxerit.
356 1035 481 1116 Itaque,
499 1045 533 1094 ut
553 1038 688 1096 omittam
709 1036 877 1109 Theseum,
899 1057 988 1116 quem
1010 1057 1071 1096 non
1089 1037 1184 1098 solum

39 1139 157 1196 civium
182 1138 356 1198 libertatem
378 1137 550 1198 vindicasse
573 1136 768 1216 praedicant,
795 1137 849 1198 sed
874 1137 949 1218 ipsis
972 1139 1063 1198 etiam
1087 1139 1184 1200 servis

37 1241 209 1318 benignum
231 1259 268 1298 ac
289 1248 482 1319 praesentem
502 1239 592 1300 deum
607 1249 807 1300 venerantur:
831 1238 952 1300 Solonis
966 1249 1102 1320 tempore
1116 1249 1186 1320 post

39 1343 155 1402 multas
179 1343 346 1401 factionum
369 1341 473 1402 clades
498 1361 533 1402 eo
556 1342 718 1402 devenisse
741 1343 931 1402 Athenarum
950 1363 1000 1402 res
1016 1343 1128 1420 nostis,
1151 1351 1185 1402 ut

40 1463 174 1504 excusso
198 1463 271 1504 aere
292 1444 393 1503 alieno
415 1451 446 1503 et
466 1465 563 1519 nexu,
586 1465 646 1524 quo
668 1465 819 1524 pauperes
841 1445 1108 1522 obstringebantur
1129 1465 1182 1505 no·

37 1545 173 1619 bilibus,
195 1546 316 1605 sublato
337 1547 465 1606 molesto
493 1546 546 1605 illo
568 1546 749 1627 populorum
771 1545 904 1608 Orientis
925 1547 1079 1621 instituto,
1100 1547 1183 1628 quod

38 1649 171 1727 singulis
194 1648 333 1708 tribubus
355 1648 438 1722 loco,
460 1648 609 1724 moribus,
634 1648 786 1708 connubio
808 1650 977 1726 segregatis
1003 1669 1089 1708 sunm
1113 1669 1181 1729 pro·

39 1752 140 1827 prium
164 1771 261 1829 genus
286 1751 369 1809 vitae
392 1751 608 1830 descripserat,
635 1759 787 1831 postremo
811 1750 926 1810 abolita
946 1749 1182 1830 Eupatridarum

39 1861 210 1930 potestate,
234 1861 264 1912 ot
285 1873 353 1912 cum
373 1853 511 1912 omnibus
534 1852 668 1926 civibus,
691 1861 814 1930 praeter
835 1852 1028 1931 proletarios,
1052 1873 1181 1916 commu·

40 1955 159 2028 niceta,
183 1975 282 2035 aequo
306 1955 371 2014 sere
394 1955 460 2014 iure
481 1953 652 2032 gauderent
670 1955 819 2028 universi,
849 1975 906 2014 nec
928 1963 1031 2014 tamen
1054 1953 1181 2014 effrena·

38 2063 102 2114 tum
130 2065 216 2116 esset
243 2056 341 2135 plebis
372 2057 544 2134 imperinm,
575 2055 657 2138 quod
689 2077 728 2117 ne
761 2055 883 2138 qnando
911 2057 1086 2129 exsisteret,
1118 2065 1181 2116 tum

38 2157 210 2238 Areopagi,
234 2159 416 2218 sanctissimi
438 2167 563 2218 senatus
580 2167 611 2218 et
633 2157 746 2231 iudicii,
771 2159 983 2218 auctoritates
1005 2178 1093 2230 mma,
1115 2167 1179 2218 tum

37 2259 163 2336 legibus
187 2270 312 2320 caverat
334 2260 556 2336 saluberrimis,
577 2281 635 2320 nec
653 2271 755 2320 tamen
776 2262 813 2320 iis
836 2279 872 2320 so
889 2179 1015 2320 considio
1034 2259 1118 2334 latis,
1140 2281 1179 2320 ne

39 2361 152 2422 mutari
173 2382 307 2442 unquam
328 2370 469 2441 possent,
498 2361 553 2422 sed
575 2363 664 2441 copia
687 2362 759 2422 data
779 2362 890 2442 populo
911 2383 1058 2435 noverum
1080 2363 1178 2422 fercn-

40 2462 156 2523 darum.
191 2464 370 2543 Insequenti
390 2473 492 2523 antem
511 2471 647 2543 tempore
666 2465 777 2543 quibus
798 2465 891 2524 rebus
912 2437 978 2544 ped
984 2463 1180 2538 Clisthenem,

39 2584 75 2623 ac
94 2556 245 2645 deinceps
268 2566 356 2624 simul
377 2587 445 2624 cum
464 2566 626 2625 navalibus
641 2565 875 2626 Atheniensium
896 2568 992 2644 copiis
1014 2585 1181 2644 augescen-

38 2666 135 2741 tibus,
159 2667 375 2727 Themistoclis
399 2687 507 2747 opera,
530 2670 661 2727 maxime
683 2688 757 2728 vero
777 2669 906 2728 Periclis
923 2668 979 2726 illa
1000 2667 1111 2727 illustri
1133 2677 1177 2748 ty·

37 2768 169 2828 rannide
191 2768 291 2847 plebis
313 2770 452 2848 potentia
473 2771 638 2831 increverit
661 2791 729 2830 eum
754 2771 785 2829 in
814 2769 948 2844 modum,
971 2779 1004 2829 ut
1024 2769 1100 2829 belli
1122 2769 1179 2828 Pe-

38 2869 252 2949 loponnesiaci
267 2878 368 2931 aetate
387 2871 479 2930 nullis
496 2871 616 2950 legibus
631 2872 743 2947 teneri,
761 2872 844 2930 nullo
861 2871 986 2931 consilio
1001 2872 1076 2949 regi,
1093 2871 1180 2931 nulla

38 2974 189 3051 religione
212 2971 359 3032 deterreri
383 2973 422 3032 ab
451 2973 673 3033 immanissimis
695 2981 788 3052 atque
814 2974 1071 3052 impotentissimis
1091 2995 1179 3034 oona-

38 3075 120 3134 tibus
144 3075 246 3134 contio
268 3074 431 3134 furibunda
451 3076 600 3155 potuerit:
622 3095 684 3134 non
706 3083 753 3135 cst
775 3075 857 3156 quod
879 3073 1001 3135 uberius
1018 3096 1180 3154 exponam.

40 3175 122 3253 Quid
154 3174 236 3254 quod
259 3177 318 3254 ipsi
341 3178 439 3252 servi,
471 3177 619 3257 exemplis
642 3175 827 3236 dominorum
855 3178 1016 3256 spectatis,
1045 3175 1179 3257 dataque

39 3277 125 3355 lege,
148 3284 183 3335 ut
204 3278 388 3357 mancipium
410 3279 574 3338 verberare
598 3277 695 3338 libero
722 3280 830 3359 cuique
853 3299 892 3339 ne
912 3279 1035 3352 liceret,
1056 3277 1178 3338 liberio·

39 3399 86 3438 res
108 3398 147 3438 ac
178 3377 371 3456 superbiores
399 3381 474 3439 facti
504 3388 573 3440 sunt
594 3399 685 3459 quarn
712 3377 841 3458 Spartae
868 3380 973 3439 cives?
1017 3379 1108 3440 Unde
1128 3381 1179 3440 vel

41 3501 150 3540 canum
172 3487 204 3538 et
227 3481 377 3540 asinorum
397 3480 647 3559 impudentiorem
668 3481 799 3542 Athenis
820 3481 1013 3541 insolentiam
1035 3501 1125 3562 quarn
1147 3482 1179 3540 in

41 3583 150 3642 ceteris
172 3580 323 3642 Graeciae
344 3584 433 3642 terris
454 3583 544 3642 Plato
560 3582 664 3662 lepide
684 3585 871 3662 pronuntiat.
908 3583 1004 3663 Atqui
1025 3583 1103 3642 hacc
1123 3583 1178 3642 At-

41 3686 91 3743 tici
111 3684 219 3763 populi
241 3685 307 3743 sive
328 3683 454 3744 libertas
477 3686 541 3744 sive
565 3685 703 3759 licentia,
725 3686 849 3764 antiquo
866 3693 946 3744 statu
969 3685 1014 3744 rei
1036 3685 1177 3763 publicae

40 3785 223 3864 legibusque
246 3785 429 3846 salutaribus
451 3786 586 3846 funditus
609 3788 740 3861 eversis,
763 3806 945 3866 quamquam
966 3787 1124 3866 permultis
1150 3795 1181 3846 et

41 3887 76 3947 de
98 3889 201 3968 patria
224 3888 337 3967 optime
360 3889 474 3946 meritis
495 3889 611 3947 civibus
632 3890 727 3948 exitio
749 3889 822 3964 fuit;
843 3909 1026 3969 quamquam
1047 3889 1180 3949 moribus

40 3989 140 4066 probis
159 4007 255 4066 grave
278 3988 390 4048 inflixit
412 3988 536 4065 vulnus,
557 4009 730 4070 pravasque
749 3987 894 4048 libidines
916 3991 959 4049 ita
971 3991 1115 4064 nutrivit,
1137 3999 1179 4062 ut,

40 4090 127 4171 quasi
141 4090 238 4149 herba
260 4090 389 4168 irrigua,
408 4100 637 4151 succrescerent
655 4091 821 4168 uberrime3
845 4090 977 4171 denique
996 4112 1179 4172 quamquam

39 4191 229 4252 Athenarum
250 4191 423 4251 libertatem
445 4193 543 4271 ipsam
563 4192 594 4250 in
616 4191 777 4252 discrimen
796 4211 943 4252 summum
965 4191 1107 4252 adduxit:
1134 4199 1178 4251 tat

39 4313 107 4353 men
136 4313 205 4352 eam
235 4293 342 4352 habuit
375 4294 451 4369 vim,
482 4285 516 4353 ut
548 4295 658 4354 laetior
684 4315 745 4354 non
772 4313 899 4374 usquam
930 4303 1022 4374 atque
1051 4295 1180 4374 amplior

40 4396 171 4455 omnium
190 4395 391 4472 ingenuarum
415 4396 523 4455 artium
544 4396 710 4456 effloruerit
733 4415 848 4477 segest.
860 4409 935 4477 quas
955 4415 1043 4454 nemo
1064 4397 1179 4478 estqui
