2800 4976
745 182 765 242 6

658 269 859 278 -.-.——·——

187 382 318 456 quaestu
340 373 495 432 abstinere
521 373 602 430 omni
627 370 795 432 debebant:
821 372 980 451 Spartanis
1002 391 1075 430 vero
1096 378 1275 430 mercatura
1298 390 1338 428 eo

186 477 284 554 magis
304 473 505 554 improbanda
528 482 607 547 erat,
630 473 711 552 quod
739 483 770 532 et
798 474 948 532 funestam
972 471 1127 532 veteribus
1152 472 1336 530 civitatibus

186 581 271 638 illam
299 596 390 655 opum
417 575 668 655 inaequalitatem
691 584 871 654 turpemque
897 574 974 632 lueri
999 573 1171 652 cupidinem
1194 575 1335 643 afferret,

187 690 219 741 et
239 698 289 738 res
308 676 474 757 permultas
495 677 671 754 importaret
691 675 732 734 ad
754 685 885 735 aetatem
907 675 1058 753 agendam
1075 675 1197 734 minime
1219 695 1334 734 neces-

187 781 299 852 sarias,
326 799 385 838 nec
416 777 511 838 solum
545 778 616 852 has,
649 776 704 836 sed
731 777 821 836 etiam
848 787 929 836 artes
955 797 1114 856 moresque
1136 779 1333 855 peregrinos,

188 901 263 964 qnos
283 901 323 940 ne
344 880 511 958 probarent
531 899 679 959 unquam,
704 887 823 937 cautum
840 879 985 938 volebant
1004 881 1042 937 iis
1061 879 1195 956 legibue,
1216 879 1332 957 quibus

187 983 340 1062 indigenis
365 979 605 1041 interdicebatur
633 1000 761 1059 peregre
790 981 943 1060 proficisci
969 988 1039 1039 ante
1068 989 1274 1055 senectutem,
1299 988 1332 1039 et

186 1083 357 1166 peregrinis
379 1084 411 1142 in
428 1081 502 1142 urbe
525 1083 703 1141 commorari
724 1082 809 1141 nulla
829 1082 941 1141 idonea
960 1101 1061 1141 causa.
1091 1081 1154 1140 Sed
1169 1081 1246 1140 illud
1264 1083 1331 1140 inre

186 1189 313 1260 mirere,
332 1183 415 1266 qnod
438 1185 504 1261 agri
523 1182 642 1242 colendi
665 1183 767 1243 studia
783 1205 845 1242 non
865 1183 1018 1243 tenuerint
1032 1183 1169 1242 homines
1184 1183 1331 1242 robustos

189 1297 221 1348 et
241 1287 378 1347 laborum
398 1286 650 1364 patientissimos:
679 1287 709 1344 in
735 1307 794 1366 quo
818 1285 1032 1345 dissentientes
1061 1305 1246 1362 magnopere
1267 1286 1330 1344 Ro-

188 1409 295 1450 manos
318 1407 416 1466 aeque
439 1385 601 1445 bellicosos
623 1385 793 1462 habebant,
822 1389 891 1466 qui,
921 1385 1066 1466 quamdiu
1083 1396 1175 1465 uetus
1197 1387 1331 1446 florebat

189 1491 367 1569 disciplina,
389 1488 480 1548 rebus
503 1487 672 1566 agrestibus
695 1496 757 1547 tam
778 1489 1009 1548 delectabantur
1033 1479 1172 1558 mirifice,
1195 1489 1274 1546 nihil
1295 1499 1330 1548 ut

188 1594 227 1652 iis
251 1593 316 1651 vita
342 1589 455 1650 rustica
479 1589 635 1652 honestius
658 1589 828 1667 videretur3
856 1600 889 1649 ιιι
916 1593 947 1648 in
973 1592 1031 1649 hac
1058 1592 1198 1669 occupati
1225 1599 1331 1650 essent

189 1695 369 1765 Senatores,
388 1692 471 1770 iique
494 1711 600 1767 senes,
623 1701 656 1750 ut
674 1691 755 1769 apud
774 1691 951 1751 Ciceronem
970 1694 1011 1750 M.
1028 1690 1137 1750 Catoni
1154 1691 1330 1770 voluptates

189 1795 406 1873 agricolarum,
429 1793 508 1852 inter
531 1814 607 1876 quos
629 1793 807 1852 versabatur
829 1795 910 1872 ipse,
931 1794 968 1852 ad
988 1794 1134 1870 sapientis
1150 1793 1243 1852 vitam
1258 1815 1329 1872 pro·

189 1898 270 1957 xime
289 1894 464 1954 viderentur
489 1893 650 1967 accedere,
671 1915 732 1954 non
754 1895 842 1953 modo
862 1896 899 1954 ob
922 1895 1067 1968 inactum,
1086 1896 1138 1974 qui
1155 1894 1227 1954 inde
1246 1895 1329 1954 redi-

188 2007 251 2072 ret,
282 1995 337 2054 sed
366 1995 404 2054 ob
436 2005 536 2055 terrae
564 1997 658 2074 ipsius
688 1997 749 2054 vim
777 2017 813 2055 ac
840 2005 977 2056 naturam
1001 1995 1220 2077 admirabilem.
1265 1998 1330 2069 Sed

189 2098 264 2179 quid
285 2099 426 2156 immoror
446 2098 494 2156 his
517 2097 623 2170 rebus,
646 2118 725 2177 quae
746 2098 875 2157 delibari
895 2099 954 2156 hoc
975 2099 1042 2156 loco
1065 2108 1095 2157 et
1117 2099 1241 2175 attingi,
1266 2120 1329 2158 non

190 2199 285 2282 pandi
298 2208 328 2258 et
344 2199 492 2278 explicari
507 2198 633 2274 debent,
655 2221 756 2279 neque
771 2202 854 2258 ocius
866 2209 993 2277 penetro
1012 2199 1111 2276 adid,
1133 2201 1216 2258 cuius
1234 2221 1329 2258 causa

189 2303 266 2362 haec
293 2321 311 2359 a
339 2321 387 2359 me
414 2309 556 2380 suscepta
582 2301 673 2360 sunt?
717 2302 795 2360 Nam
824 2303 932 2360 artium
958 2303 1186 2380 peregrinarum
1213 2302 1330 2360 iniecta

190 2405 302 2462 mentio
331 2401 487 2461 admonuit
513 2424 560 2462 me
592 2403 630 2462 de
660 2403 876 2482 Spartanorum
900 2403 1068 2462 eruditione
1092 2403 1211 2476 dicere,
1239 2401 1329 2461 modo

189 2505 269 2563 hanc
290 2505 364 2562 mihi
386 2506 507 2563 veniam
529 2503 621 2579 detis,
650 2514 683 2564 ut
706 2505 884 2564 eruditionis
907 2506 1000 2564 verbo
1029 2525 1216 2584 nuncupem,
1239 2504 1328 2582 qnid·

190 2605 263 2686 quid
284 2605 499 2664 Lacedaemon
522 2607 592 2664 huic
615 2607 712 2666 simile
731 2615 783 2665 aut
802 2607 926 2685 protulit
949 2617 1001 2666 ant
1021 2607 1173 2667 toleravit.
1218 2608 1328 2685 ltaque

190 2729 282 2789 quum
304 2708 462 2784 legislator
484 2708 594 2766 civium
617 2709 730 2767 victum
752 2709 848 2768 vellet
873 2710 1126 2787 simplicissimum
1152 2729 1234 2782 osse,
1260 2729 1328 2766 curn

190 2811 281 2867 luxus
304 2809 510 2866 instrumentis
533 2809 670 2868 omnibus
692 2811 808 2869 litteras
831 2831 952 2890 quoquc
975 2820 1116 2890 artesque
1140 2811 1249 2890 partim
1273 2831 1327 2869 cx-

190 2911 283 2989 pulit,
313 2910 422 2989 partim
452 2911 585 2968 coercuit
612 2919 642 2970 ct
669 2913 757 2991 quasi
783 2911 920 2971 custodia
946 2915 1065 2972 vinctas
1086 2913 1198 2986 tenuit,
1222 2911 1326 2992 Aegy·

190 3013 319 3090 ptiorum
341 3014 372 3068 in
393 3010 528 3085 modum,
552 3011 632 3090 apud
656 3034 730 3094 quos
752 3023 877 3074 narrant
899 3014 1011 3074 Graeci
1032 3015 1158 3073 traditos
1180 3022 1250 3072 ante
1274 3013 1325 3073 de-

190 3134 256 3172 cem
276 3113 358 3170 milia
373 3133 516 3172 annorum
536 3113 642 3173 modos
659 3117 770 3174 cantici
784 3136 885 3196 neque
898 3117 1082 3176 obsolevisse
1096 3119 1156 3176 situ
1167 3117 1327 3174 vetustatis

188 3235 290 3295 nequo
310 3215 481 3274 immutatos
503 3235 636 3296 unquam
655 3237 742 3276 esse:
767 3217 859 3294 adeo,
883 3227 916 3277 ut
936 3219 1045 3277 artium
1066 3218 1148 3296 apud
1169 3215 1325 3276 Lacedae-

191 3319 306 3376 monios
336 3314 545 3375 condicionem
576 3339 643 3376 cum
666 3317 904 3379 Atheniensibus
932 3321 1092 3379 conferens
1122 3319 1236 3378 similes
1261 3318 1327 3376 illic

189 3418 297 3477 videas
318 3419 470 3495 signorum
489 3418 558 3477 rudi
581 3419 708 3479 artificio
728 3421 858 3498 pedibus
875 3423 1056 3500 compressis
1073 3422 1253 3492 effictorum,
1276 3420 1327 3478 hie

190 3529 356 3580 statuarum
382 3521 670 3598 perfectissimarum
696 3523 873 3600 Daedalea,
902 3525 960 3582 hoc
989 3532 1035 3583 est
1057 3523 1162 3582 Attica
1191 3521 1327 3580 sollertia

189 3623 404 3682 fabricatarum
423 3623 481 3697 ita,
503 3625 590 3703 quasi
606 3625 746 3684 viverent
761 3626 919 3706 libereque
941 3625 1128 3684 incederent.
1162 3625 1231 3682 Non
1248 3623 1342 3682 sine*

189 3728 263 3785 bant
290 3724 434 3802 Spartani
460 3733 556 3783 artem
584 3727 665 3804 apud
693 3747 761 3786 sese
787 3729 911 3788 tractari
934 3728 1043 3797 ullam,
1073 3746 1152 3806 quae
1180 3724 1325 3802 Regibus,

191 3827 449 3905 Senatoribusque
477 3834 507 3884 et
531 3827 676 3904 Ephoris,
707 3851 821 3888 morum
843 3831 977 3900 arbitris,
1006 3831 1104 3888 minus
1131 3827 1324 3906 probaretur:

190 3928 299 4008 quibus
320 3928 398 3986 nihil
420 3947 603 4005 magnopere
624 3929 809 4006 probabatur
828 3933 991 3991 novicium.
1026 3932 1142 3989 Romae
1165 3927 1325 4001 Censores,

190 4031 246 4090 Cn.
268 4030 419 4088 Domitius
442 4029 663 4090 Ahenobarbus
686 4041 716 4090 et
737 4033 774 4092 L.
797 4035 933 4093 Licinius
954 4032 1096 4104 Crassus,
1116 4051 1207 4110 quum
1228 4029 1325 4088 rheto-

189 4155 237 4193 res
260 4132 363 4191 Latini
383 4128 488 4188 ludum
511 4134 715 4210 aperuissent,
739 4135 842 4216 ibique
866 4135 1086 4194 adolescentuli
1101 4141 1180 4191 totos
1197 4130 1261 4189 dies
1274 4130 1324 4190 dc·

192 4235 340 4306 siderent,
364 4234 394 4290 in
418 4226 533 4308 edicto,
558 4255 617 4313 quo
642 4236 844 4296 ostendebant
872 4258 957 4297 suam
985 4236 1180 4306 sententiam,
1210 4233 1266 4291 sibi
1290 4253 1325 4291 ea

190 4360 252 4400 non
273 4337 413 4417 placere,
436 4334 512 4395 haec
534 4337 629 4396 verba
649 4349 832 4416 posuerunt:
853 4341 1004 4416 „Maiores
1022 4338 1133 4411 nostri,
1156 4354 1235 4414 quae
1251 4335 1324 4396 libe·
