2800 4976
504 213 638 312 -a

5 403 238 481 {egiomonte
258 403 359 463 studia
382 403 600 478 absolvissent,
623 407 660 464 iis
679 406 912 484 praerogativae
929 405 1011 468 haud
1029 428 1174 487 spernen-

5 507 87 564 lae
110 525 294 564 concessae:
319 516 455 584 sumptus
477 507 640 585 quotannis
660 507 871 586 suppeditatus
893 517 1035 588 quattuor
1060 511 1175 570 milium

5 628 219 681 marcarum,
249 609 278 666 iu
307 608 361 665 illa
385 609 504 666 vilitate
525 629 625 666 rerum
647 609 801 668 venalium
824 612 898 670 satis
921 612 1079 688 munifice;
1102 613 1174 671 hinc

5 718 142 789 quarta
164 729 236 788 pars
265 711 455 769 convictibus
483 708 684 768 studiosorum
705 711 924 790 praebebatur,
949 714 1086 772 instituto
1109 715 1174 774 lau·

5 810 131 868 labili
160 811 192 868 in
221 809 295 868 urbe
312 813 496 889 praesertim
517 811 691 890 frequentia
712 813 865 872 hominum
890 815 1018 888 celebri,
1040 815 1094 876 ubi
1117 817 1175 874 etsi

5 913 135 970 victus
169 911 336 992 quaerendi
365 913 526 972 iuvenibus
557 913 732 973 sollertibus
760 916 847 994 copia
876 924 935 990 est,
965 925 1067 976 tamen
1095 915 1175 997 quod

5 1033 160 1070 annona
184 1012 266 1071 haud
289 1033 358 1072 raro
388 1013 574 1087 incenditur,
602 1024 685 1074 certe
712 1036 807 1094 parvo
836 1015 919 1075 haud
941 1017 1020 1076 bene
1045 1019 1174 1078 vivitur:

5 1117 273 1190 ingravescente
288 1135 408 1173 annona
429 1116 563 1195 querelis
583 1115 760 1176 academiae
781 1127 935 1197 permotus
950 1118 1065 1179 reditus
1081 1121 1176 1193 auxit,

5 1214 210 1294 fundosque
237 1215 350 1274 donare
382 1218 552 1289 constituit,
580 1238 655 1297 quos
677 1227 778 1278 tamen
801 1219 871 1278 lites
894 1219 1096 1280 reformidans
1117 1220 1176 1280 sibi

7 1317 112 1394 eripi
134 1337 227 1396 passa
248 1326 307 1377 est:
329 1327 491 1395 praeterea
506 1319 756 1397 praeceptoribus
773 1317 926 1380 domicilia
944 1320 1044 1396 dedit,
1061 1341 1175 1401 eosque

5 1418 202 1478 honoribus
230 1419 273 1476 ita
295 1421 431 1494 ornavit,
461 1428 494 1478 ut
516 1428 685 1480 ceterarum
709 1423 754 1481 rei
778 1421 922 1502 publicae
943 1423 1075 1502 partium
1097 1424 1175 1484 iuvi-

10 1521 116 1579 diam
143 1520 322 1594 excitasset,
351 1521 376 1579 si
399 1523 508 1580 aetatis
536 1521 619 1581 illius
643 1522 757 1582 candor
781 1533 811 1582 et
834 1525 1014 1604 simplicitas
1037 1525 1175 1585 invidero

8 1623 149 1681 litteris
171 1622 330 1699 potuisset.
373 1623 453 1681 Nam
478 1623 510 1681 in
539 1623 647 1684 edictis
666 1625 829 1684 Rectorem
848 1635 879 1684 et
898 1626 1087 1704 professores
1108 1629 1176 1687 uni·

13 1725 193 1784 versitatis
214 1723 478 1800 Regiomontanae
506 1726 603 1805 primo
631 1725 697 1785 loco
723 1727 841 1804 posuit,
864 1727 1007 1806 posthos
1030 1727 1175 1802 dominos,

13 1825 241 1899 nobilitatem,
275 1825 424 1903 equitem,
459 1827 668 1903 ecclesiastes,
699 1827 825 1906 oppida,
860 1837 993 1888 ceteros:
1032 1829 1176 1909 privatim

20 1926 213 1986 doctoribus
234 1927 277 1984 ita
301 1927 394 2000 favit,
422 1936 456 1984 ut
478 1926 623 1988 Stauislai
643 1911 865 2008 Rapagellairi,
886 1929 1020 2008 theologi
1043 1931 1178 2010 primarii

20 2038 57 2088 et
85 2030 123 2087 in
138 2029 245 2108 paucis
264 2026 385 2106 diserti,
409 2037 504 2088 morte
520 2029 640 2103 audita,
659 2050 840 2110 quamquam
858 2041 940 2091 esset
958 2041 1047 2091 extra
1062 2032 1177 2107 urbem,

21 2131 139 2189 redux
165 2129 197 2186 iu
223 2127 313 2186 funus
335 2129 532 2206 procederet,
555 2130 716 2211 locumque
741 2132 770 2190 oi
796 2132 882 2190 iuxta
904 2153 989 2192 suum
1011 2135 1177 2194 monimen·

22 2242 98 2290 tum
124 2229 227 2305 daret,
260 2231 432 2308 exemplum
460 2233 609 2305 imitatus,
637 2241 670 2290 ut
690 2233 733 2290 ait
752 2230 900 2306 Sabinus,
922 2233 1073 2311 Scipionis
1094 2235 1177 2294 Afri-

27 2334 125 2406 cani,
149 2332 204 2410 qui
224 2332 356 2390 Ennium
372 2331 487 2392 honore
509 2333 601 2392 simili
623 2333 813 2411 dignaverat.
844 2333 977 2395 Sabinus
993 2355 1065 2395 vero
1082 2356 1176 2416 quan·

26 2445 148 2514 topere
178 2433 225 2491 illi
251 2453 338 2492 carus
368 2434 476 2508 fuerit,
502 2454 542 2494 ex
567 2433 755 2495 documentis
780 2435 883 2496 multis
904 2435 1011 2495 videre
1032 2437 1121 2514 licet,
1148 2447 1179 2496 et

29 2557 115 2595 sane
139 2535 164 2594 is
186 2535 335 2621 principis
353 2537 516 2595 amicitiam
537 2535 707 2596 eruditione
727 2537 840 2614 insigni
862 2546 1029 2597 meruerat:
1053 2539 1106 2616 qui
1125 2558 1177 2596 na-

31 2641 127 2697 tione
148 2637 336 2710 Marchicus,
359 2638 619 2712 Melanchthonis,
644 2658 715 2697 mox
736 2640 832 2697 soceri
855 2640 916 2713 sui,
938 2637 1100 2717 disciplina
1121 2639 1179 2698 for·

33 2749 141 2799 matus
173 2747 203 2797 et
233 2739 265 2796 in
293 2739 385 2798 ltalia
414 2740 553 2799 excultus
580 2739 689 2798 artium
713 2739 886 2798 liberalium
916 2748 947 2800 et
974 2741 1048 2798 iuris
1068 2741 1181 2818 peritia

36 2841 208 2901 excelluit:
240 2839 441 2920 Venetiisque
462 2841 500 2898 ab
522 2840 718 2913 Alexandro,
747 2841 976 2920 archiepiscopo
999 2841 1181 2901 Oretancnsi

37 2953 68 3002 et
92 2941 295 3014 Brundisino,
317 2942 422 3002 laurea
444 2941 573 3000 donatus
597 2950 627 3000 et
649 2941 688 3000 ad
710 2952 884 3022 equestrem
906 2943 1086 3022 dignitatem
1109 2964 1181 3003 eve-

40 3055 109 3104 ctus
132 3063 292 3122 comesque
313 3043 404 3102 aulae
425 3043 643 3102 Lateranensis
665 3045 851 3120 nominatus,
876 3043 913 3103 ab
936 3044 1089 3104 Ioachimo
1107 3044 1181 3104 Ele·

41 3156 128 3206 ctore
159 3165 237 3204 auno
268 3146 376 3204 aetatis
404 3145 556 3204 tricesimo
586 3145 617 3202 in
639 3145 870 3206 universitatem
892 3147 1182 3206 Francofurtensem

43 3249 201 3326 professor
231 3247 425 3326 eloquentiae
454 3255 579 3306 vocatus
611 3255 672 3306 est:
706 3267 777 3307 mox
798 3248 998 3326 Regiomonte
1022 3247 1182 3308 Albertum

43 3351 75 3407 in
99 3348 258 3409 academia
283 3348 443 3408 condenda
468 3349 602 3408 consiliis
626 3348 753 3409 adiuvit.
798 3349 985 3410 Ioaclrimum
1009 3351 1100 3408 etiam
1124 3347 1182 3408 Oa-

46 3453 221 3524 merarium,
244 3452 342 3510 virum
370 3450 573 3510 doctissimum
597 3450 901 3531 celeberrimumque,
924 3453 997 3510 Dux
1019 3451 1050 3508 in
1072 3451 1183 3509 Borus-

48 3555 123 3612 siam
150 3553 262 3613 elicere
291 3551 420 3612 studuit:
454 3552 509 3612 sed
531 3553 584 3612 ille
615 3553 824 3612 condicionem
846 3553 979 3613 oblatam
999 3550 1184 3632 repudiavit.

10 3689 12 3694 .
49 3655 115 3714 Nec
137 3656 284 3734 principis
305 3655 461 3713 molimina
485 3663 516 3714 et
537 3675 621 3733 spem
643 3675 802 3715 successus
823 3655 982 3715 frustratus
1013 3663 1076 3713 est:
1115 3673 1184 3712 con·

50 3766 160 3816 ventus
183 3755 362 3816 discentium
385 3755 546 3815 mediocris
568 3757 624 3816 sub
642 3758 725 3835 ipsos
748 3756 870 3816 scholae
890 3756 1010 3816 natales
1031 3755 1185 3815 confluxe·

51 3870 111 3932 rat,
129 3859 202 3917 licet
221 3857 363 3917 undecim
379 3866 494 3916 tantum
510 3859 698 3936 professores
714 3867 832 3930 essent;
853 3857 1006 3917 discordia
1021 3855 1185 3928 doctorum,

54 3979 130 4038 quae
153 3961 253 4019 statim
276 3960 361 4022 initio
375 3979 456 4019 more
476 3969 642 4040 temporum
666 3960 786 4018 illorum
809 3969 914 4019 exorta
934 3967 1013 4034 erat,
1035 3957 1116 4038 apud
1140 3978 1186 4017 sc·

54 4071 152 4121 natum
182 4061 313 4121 feliciter
349 4063 523 4140 composita.
567 4063 730 4121 Borussiae
764 4083 837 4122 vero
866 4069 1013 4141 quantum
1042 4059 1187 4118 Albertns

55 4164 251 4238 praestiterit,
274 4164 325 4223 vel
345 4185 392 4223 me
415 4183 476 4222 non
497 4172 637 4224 monente
654 4164 847 4242 perspicitur.
883 4163 961 4222 Nam
979 4181 1037 4242 quo
1052 4171 1188 4240 tempore

58 4263 105 4323 ille
127 4265 209 4322 sinus
225 4265 337 4324 Baltici
353 4267 475 4324 accolas
492 4265 531 4324 ad
546 4266 663 4324 litteras
678 4264 899 4345 amplexandas
916 4264 1068 4336 invitavit,
1085 4282 1187 4343 quam·

59 4383 142 4440 quam
164 4367 305 4426 Vinricus
330 4368 536 4447 KniprodiuS,
565 4367 712 4444 Magister
739 4368 889 4446 equitum,
919 4363 1041 4425 saeculo
1070 4363 1188 4423 decimo

106 4471 208 4512 Boockhii
224 4472 292 4513 Oratt.
968 4466 986 4525 3
