2800 4976
757 675 818 759 H.

218 841 350 918 Oratio
382 841 573 918 nataliciis
597 841 784 918 Friderici
808 841 992 920 Guilelmi
1015 843 1085 916 ΙΠ.
1114 843 1363 920 celebrandis

396 971 431 1047 d.
458 996 513 1046 111.
546 999 593 1045 m.
620 970 719 1070 Aug.
740 998 772 1045 a.
800 994 1006 1046 uncccxw.
1040 971 1184 1048 habita.

303 1247 337 1308 Si
363 1247 409 1306 rei
439 1242 582 1323 publicae
604 1245 675 1306 huic
697 1245 881 1321 litterariae,
908 1245 1070 1326 Principes
1093 1247 1273 1321 celsissimi,
1306 1249 1363 1306 viri

217 1348 484 1420 excellentissimi,
506 1347 657 1422 illustres,
681 1347 885 1422 celeberrimi,
906 1347 1126 1408 commilitones
1147 1348 1276 1424 dilecti,
1299 1349 1361 1408 lae·

215 1452 323 1510 tiorem
345 1449 503 1530 hucusque
528 1449 608 1510 diem
631 1449 769 1510 extitisse
790 1449 906 1509 nullum
928 1447 1049 1524 dixero,
1078 1470 1169 1530 quam
1191 1451 1246 1530 qui
1270 1450 1360 1509 hodie

213 1573 274 1612 non
289 1549 377 1612 modo
392 1549 583 1631 popularium
598 1561 776 1626 nostrorum,
799 1550 854 1612 sad
870 1551 1019 1610 communi
1033 1550 1265 1627 Germanorum,
1289 1553 1361 1632 quin

215 1655 358 1734 Europae
377 1654 468 1714 totius
489 1654 602 1732 gaudio
624 1655 752 1731 affulsit3
775 1653 858 1713 haud
876 1672 999 1726 vereor,
1022 1673 1061 1713 ne
1083 1655 1151 1734 quis
1173 1653 1206 1712 id
1227 1655 1360 1714 oratorio

214 1758 310 1837 magis
339 1755 444 1830 modo,
467 1775 558 1835 quam
587 1776 626 1816 ex
648 1758 694 1816 rei
711 1754 919 1835 magnitudine
941 1776 977 1815 ac
999 1755 1148 1833 dignitate
1172 1753 1289 1814 dictum
1314 1775 1359 1813 ar·
1394 1779 1395 1868 p

214 1859 353 1920 bitrotnr.
404 1855 506 1936 Quum
530 1859 609 1918 enim
630 1859 742 1918 natalis
764 1857 915 1918 Friderici
936 1855 1083 1916 Guilelmi
1103 1856 1168 1916 dies
1188 1865 1219 1916 et
1241 1857 1360 1917 civibus

215 1981 270 2040 per
290 1961 447 2042 imperium
469 1961 631 2034 universis,
652 1969 682 2019 et
702 1960 774 2020 huic
794 1959 976 2038 praesertim
995 1958 1117 2018 scholae
1137 1958 1247 2018 abillo
1264 1961 1359 2017 muni-

214 2063 410 2122 ficentissime
432 2061 572 2122 conditae
593 2062 755 2140 quotannis
772 2062 974 2121 faustissimus
991 2059 1156 2136 habeatur3
1187 2062 1247 2120 etsi
1270 2080 1357 2140 quar·

214 2173 263 2226 tus
284 2164 334 2226 hic
357 2184 454 2224 annus
479 2173 533 2239 est,
562 2185 622 2246 quo
649 2164 818 2244 prinoipem
843 2161 1020 2224 mortalibus
1043 2161 1171 2222 beandis
1193 2161 1300 2222 uatum
1322 2182 1358 2221 ex

214 2267 272 2326 hoo
294 2265 362 2326 loco
385 2266 508 2348 publice
532 2286 731 2339 veneramur,
750 2265 881 2324 triennio
904 2265 997 2345 priori
1020 2263 1052 2322 iu
1073 2264 1140 2344 pari
1158 2264 1277 2343 pietate
1299 2284 1359 2322 non

217 2377 319 2428 tamen
347 2368 407 2428 boo
429 2377 529 2430 erecto
558 2369 709 2448 hilarique
731 2368 846 2442 animo,
879 2368 938 2426 hoc
960 2365 1044 2426 dulci
1068 2373 1217 2445 gratoque
1237 2365 1358 2437 affeetu,

220 2470 353 2552 denique
380 2469 439 2530 bac
466 2479 552 2530 tanta
579 2491 680 2532 rerum
706 2476 876 2530 nostrarum
894 2467 1006 2528 fiducia
1024 2488 1061 2527 ac
1083 2445 1357 2528 securitate'acce-

215 2571 288 2632 dere
308 2572 437 2632 licebat:
464 2573 519 2632 sod
541 2575 703 2653 primorum
729 2571 920 2632 sollemnium
941 2570 1090 2630 laetitiam
1109 2569 1239 2629 formido
1264 2571 1357 2628 immi-

215 2675 315 2734 nentis
340 2675 459 2756 pridem
489 2675 681 2749 calamitatis,
706 2694 786 2754 quae
810 2673 964 2734 civitatem
985 2672 1204 2733 labefactatam
1223 2683 1354 2750 proster-

214 2797 287 2836 nere
311 2778 431 2856 penitus
450 2797 541 2856 posse
563 2776 734 2850 videbatur,
756 2777 858 2836 sinon
880 2774 1021 2847 turbavit,
1044 2783 1127 2834 certe
1149 2776 1230 2834 curis
1253 2777 1355 2834 anxio-

216 2899 282 2938 rum
303 2880 437 2956 miscuit3
463 2877 559 2939 altera
581 2886 644 2938 tum
660 2887 738 2952 acta,
764 2897 856 2958 quum
877 2897 983 2954 regum
1006 2877 1196 2950 iustissimus,
1219 2897 1259 2938 ne
1278 2877 1356 2936 salus

217 2979 341 3058 publiea
361 2979 602 3059 periclitaretur,
626 2982 702 3040 citra
723 2981 818 3058 ipsius
834 2999 953 3039 sensum
977 3000 1013 3038 ac
1038 2978 1233 3038 voluntatem·
1247 2998 1356 3039 causae

217 3082 433 3142 iniustissimae
462 3085 591 3159 servire,
621 3083 799 3143 societatem
829 3102 895 3140 cum
924 3080 1011 3140 hoste
1036 3081 1244 3140 universorum
1272 3082 1356 3150 inire,
1393 3163 1394 3166 Ἴ

220 3203 320 3262 agros,
351 3183 442 3244 urbes
473 3205 621 3264 arcesque
648 3193 767 3243 nostras
790 3183 871 3243 socio
895 3181 1021 3264 subdolo
1041 3181 1073 3240 in
1092 3189 1277 3260 potestatem
1298 3192 1354 3242 tra·
1393 3167 1394 3236 l

219 3285 306 3360 dere,
338 3286 442 3364 copias
465 3285 603 3345 delectas
627 3285 775 3345 adversus
799 3285 968 3364 principem
989 3283 1108 3342 sincera
1140 3284 1276 3343 amicitia
1290 3305 1356 3342 eon·

218 3390 354 3449 iunctum
376 3390 406 3447 in
432 3387 572 3449 boreales
599 3399 695 3448 terras
720 3389 838 3446 mittere
867 3394 989 3445 coactus
1016 3393 1110 3445 esset:
1142 3405 1202 3464 quo
1225 3393 1356 3466 tempore
1393 3405 1394 3488 p

219 3500 333 3571 quanta
364 3491 523 3568 aegritudo
549 3499 680 3551 mentem
700 3491 816 3568 regiam
837 3487 999 3560 afflixerit,
1023 3507 1111 3546 nemo
1134 3495 1182 3547 est
1202 3489 1261 3567 qui
1277 3490 1355 3566 igno·

220 3603 282 3653 ret:
302 3601 456 3673 postremo
479 3596 601 3654 tertium
620 3592 769 3653 redeunte
793 3591 842 3650 die
862 3589 957 3667 Regis
978 3589 1091 3648 nomini
1109 3608 1196 3647 sacro
1219 3590 1356 3648 inchoata

222 3693 345 3775 quidem
367 3694 531 3754 Borussiae
560 3695 684 3756 libertas
707 3691 857 3758 Friderici
881 3690 1026 3752 Guilelmi
1053 3690 1166 3750 virtute
1191 3702 1273 3766 erat,
1307 3688 1355 3750 sed

221 3795 355 3854 nondum
374 3796 528 3876 perfecta,
550 3805 580 3855 et
600 3796 750 3875 praeclari
768 3792 890 3874 quidem
906 3793 1005 3852 exitus
1025 3792 1152 3869 auguria
1167 3792 1354 3852 ostentaban-

223 3905 287 3969 tur,
310 3895 365 3954 sed
386 3881 482 3954 hostis
501 3905 588 3954 atrox
609 3899 744 3976 quinque
768 3896 806 3955 ab
827 3895 912 3957 Urbe
936 3895 1073 3954 miliariis
1100 3895 1215 3954 aberat.
1260 3893 1354 3953 Hodie

224 4017 296 4056 vero
328 4017 419 4076 quum
441 3996 515 4054 mihi
534 3997 629 4056 verba
651 3997 792 4056 facienda
825 4006 909 4070 sunt,
941 4005 1129 4076 quantopere
1160 4016 1209 4056 me
1232 4013 1352 4056 commo·

224 4101 289 4157 veri
318 4097 445 4176 putatis,
474 4097 500 4155 si
522 4098 680 4176 pristinam
707 4100 904 4174 tenuitatem,
931 4099 1067 4158 miserias
1096 4117 1132 4156 ac
1160 4107 1353 4176 contemptum

223 4201 379 4279 praesenti
401 4219 501 4259 rerum
522 4209 691 4260 nostrarum
714 4200 905 4280 amplitudini
926 4198 1125 4259 contulerim?
1154 4200 1180 4258 si
1202 4200 1294 4277 Regis
1311 4217 1351 4254 sa-

223 4302 340 4382 pientia
353 4309 384 4362 et
405 4322 556 4379 generosa
574 4303 710 4378 consilia,
733 4301 842 4381 quibus
858 4311 942 4360 tauta
959 4319 1057 4360 rarum
1075 4302 1242 4360 immutatio
1256 4302 1353 4360 effecta
1392 4357 1393 4362 ,

225 4415 280 4478 cst,
303 4405 329 4462 si
348 4404 454 4482 populi
476 4403 576 4477 fidem,
598 4402 813 4475 obedientiam,
837 4402 938 4462 studia
959 4403 1005 4462 rei
1025 4402 1165 4480 publicae
1184 4399 1351 4462 evehendae
1392 4409 1393 4414 ’

1392 4487 1393 4524 l

1388 4705 1393 4742 t

1392 4761 1393 4840 t
