2800 4976
578 267 616 333 31

502 357 704 368 ——-.—-·

12 476 123 528 vant:
147 463 345 524 dominationi
363 462 543 542 tyrannicae
564 460 683 522 obsunt.
718 459 749 518 Is
769 457 894 518 tandem
913 455 1011 516 bonus
1028 458 1171 538 princeps

12 567 195 628 habendus
218 575 279 638 est,
303 565 356 644 qui
373 564 483 622 litteris
504 563 672 642 potentiam
695 580 780 620 suam
800 559 970 619 confirmari
986 561 1171 637 cognoverit,

12 691 91 734 non
116 669 234 728 auxilio
264 667 387 724 militari
416 641 583 725 tutandam.
626 661 806 722 Accedebat
827 659 908 740 quod
928 660 1088 735 Albcrtus,
1110 671 1171 722 turn

15 770 199 832 eruditioni
222 768 342 826 deditus
363 775 426 825 tum
440 768 523 824 viros
539 765 643 825 doctos
664 774 695 824 et
711 765 777 842 pios
796 764 897 822 colere
916 781 1079 842 eorumque
1103 785 1172 824 con·

16 875 113 933 siliis
138 871 267 949 obsequi
281 869 403 941 solitus,
426 869 526 927 lucem
539 867 708 926 litterarum
723 867 941 944 religionisque
962 865 999 922 ob
1020 867 1173 945 propriam

16 995 143 1034 earum
162 972 380 1052 praestantiam
403 970 549 1028 latissime
566 971 731 1047 propagari
747 967 890 1045 cupiebat
911 967 1090 1044 flagranter:
1113 969 1172 1026 La-

14 1079 118 1134 tinae
144 1075 235 1134 ctiam
255 1073 379 1150 linguae
397 1093 458 1130 non
478 1069 567 1128 modo
584 1089 696 1148 gnarus
717 1077 796 1144 erat,
818 1068 874 1127 sed
890 1088 927 1126 ea
946 1067 1172 1128 delectabatur:

17 1181 52 1236 in
85 1175 267 1256 eloquentia
290 1195 357 1233 cum
375 1173 524 1233 Cicerone
548 1180 579 1230 et
592 1172 800 1230 Demosthene
822 1171 860 1229 ab
883 1169 1006 1249 aequali
1028 1171 1174 1250 scriptore

17 1278 214 1337 laudatione
246 1277 311 1334 sinc
335 1275 427 1334 dubio
449 1274 625 1333 liberaliore
653 1273 851 1352 componitur.
895 1270 1013 1348 Quodsi
1035 1283 1173 1332 senatum

21 1379 217 1439 academiae
238 1378 501 1454 Regiomontanae
522 1376 633 1436 litteris
663 1373 741 1433 datis
763 1375 893 1448 monuit,
915 1375 998 1432 utin
1018 1375 1070 1448 iis,
1096 1395 1175 1455 quae

22 1483 69 1540 ad
110 1482 212 1559 ipsum
239 1478 402 1538 scribenda
431 1486 548 1549 essent,
575 1478 682 1556 lingua
716 1485 852 1535 uteretur
888 1475 1087 1552 Germanica,
1115 1500 1176 1538 non

21 1605 89 1642 sua
116 1601 211 1640 causa
232 1581 288 1639 hoc
308 1580 398 1658 fecit,
421 1578 477 1638 sed
499 1577 594 1658 quod,
617 1579 682 1658 ipso
705 1577 861 1649 tradente,
882 1578 1019 1636 nonnulli
1043 1600 1081 1639 ex
1105 1601 1175 1639 con-

22 1685 178 1758 siliariis,
207 1682 388 1763 quibuscum
415 1681 453 1740 de
476 1682 513 1738 iis
535 1680 626 1756 rebus
649 1679 854 1751 deliberabat,
877 1681 1024 1738 sermonis
1046 1683 1176 1741 Romani
1240 1711 1244 1717 ·

23 1789 73 1846 ita
104 1793 194 1845 erant
222 1783 366 1862 imperiti,
393 1792 427 1840 ut
454 1781 689 1861 interpretandis
718 1782 749 1838 in
776 1801 880 1840 eorum
907 1782 1035 1857 gratiam
1063 1782 1176 1842 libellis

24 1899 156 1967 tempus
185 1885 403 1944 absumeretur.
447 1884 632 1961 Exemplum
656 1881 852 1942 memorabile
879 1883 1025 1962 principis
1054 1885 1176 1944 cohorte

24 1991 199 2048 amicorum
218 1987 310 2064 longe
333 1986 491 2058 doctioris,
515 1986 545 2042 in
567 1985 661 2062 stirpe
683 1995 784 2046 tamen
803 1985 1075 2063 Brandenburgica
1095 1986 1177 2045 haud

25 2093 174 2151 unicum:
215 2098 246 2148 et
272 2089 463 2168 frequentior
491 2107 529 2146 ea
558 2096 660 2146 aetate
688 2089 719 2146 in
747 2089 824 2146 aulis
853 2087 950 2146 solida
978 2087 1107 2146 eruditio
1136 2109 1175 2148 ex

29 2193 177 2252 fontibus
211 2191 400 2270 antiquitatis
429 2175 573 2263 deducta,
610 2190 723 2270 quippe
753 2209 829 2269 quas
857 2189 968 2248 Gallici
998 2190 1117 2268 lepores
1148 2201 1178 2250 et

31 2295 175 2353 facetiae
201 2291 334 2350 nondum
361 2290 552 2369 subegissent
566 2297 609 2350 'et
635 2291 694 2349 sibi
715 2293 804 2370 quasi
825 2290 999 2350 tributarias
1022 2291 1177 2351 fecissent.

30 2395 182 2454 Eundem
203 2394 387 2452 mathemata
410 2395 525 2452 fovisse
543 2393 666 2453 tabulae
678 2395 862 2452 Prutenicae
885 2392 922 2450 ab
941 2392 1069 2451 Erasmo
1084 2394 1178 2452 Reiu-

30 2497 129 2555 holdo
159 2496 316 2554 confectae
346 2503 511 2567 testantur,
540 2515 620 2575 quae
649 2495 729 2574 quod
751 2494 896 2553 Albertus
919 2485 1072 2573 impensas
1092 2497 1178 2554 mini-

32 2599 164 2672 stravit,
190 2605 223 2654 ut
246 2595 457 2674 Alphonsinas
483 2597 554 2654 olim
582 2617 600 2654 a
622 2595 769 2656 (iustiliae
792 2616 879 2674 rege,
907 2596 945 2654 ab
973 2597 1038 2674 ipso
1069 2619 1178 2657 nomen

32 2703 238 2759 invenerunt:
261 2698 470 2775 theologorum
489 2719 563 2756 vero
583 2697 744 2778 disciplina
756 2696 833 2757 adeo
854 2697 966 2757 dilecta
981 2699 1112 2778 principi
1126 2702 1178 2778 pio

32 2803 110 2874 fuit,
141 2810 175 2858 ut
202 2821 262 2858 non
291 2801 386 2858 solum
414 2800 667 2879 disputationibus
696 2799 842 2878 publicis,
868 2799 923 2860 sed
947 2790 1038 2859 ctiam
1066 2801 1178 2862 scholis

32 2903 245 2982 professorum
265 2902 355 2960 simul
378 2923 444 2960 cum
468 2901 610 2960 studiosis
630 2903 801 2963 interesset.
822 2903 890 2963 Nec
912 2901 1097 2962 bibliotheca
1113 2905 1178 2964 eius

33 3005 171 3084 duplex,
194 3004 306 3061 Latina
326 3005 436 3077 altera,
460 3005 558 3063 altera
578 3003 778 3078 Germanica,
798 3003 965 3064 omittenda
984 3013 1044 3079 cst,
1068 3007 1177 3085 partim

34 3108 66 3165 in
91 3125 196 3177 suum,
221 3105 384 3184 partimin
406 3125 594 3166 communem
615 3126 701 3166 usum
724 3115 906 3185 comparata.
950 3106 1107 3166 Postremo
1130 3127 1176 3166 ar·

35 3207 146 3266 dorem
161 3205 396 3285 pulcherrimum
414 3205 598 3267 incendebat
618 3227 694 3267 uxor
717 3206 809 3267 Anna
830 3208 1003 3283 Dor-ethes,
1026 3208 1177 3267 Friderici

36 3310 197 3367 Danorum
226 3309 307 3386 regis
334 3308 410 3380 filia,
436 3329 453 3365 a
476 3329 537 3388 qua
560 3309 719 3388 impulsum
740 3311 899 3387 coniugem
919 3330 1001 3383 csse,
1025 3295 1059 3369 ut
1080 3311 1176 3369 Musis

36 3411 117 3468 atria
147 3407 278 3485 dicaret,
309 3418 339 3468 et
365 3429 439 3487 opus
465 3411 547 3488 pium
570 3411 683 3470 vsedulo
711 3411 864 3484 adiutum,
888 3419 1009 3490 praeter
1030 3413 1175 3470 loannem

38 3511 268 3570 Brissmannum
296 3510 450 3588 Georgius
484 3510 631 3586 Sabinus,
665 3514 778 3590 primus
809 3513 1017 3571 universitatis
1052 3514 1174 3589 Rector,

39 3614 173 3671 carmine
196 3612 334 3690 elegiaco
354 3621 500 3672 testatur:
524 3613 590 3693 ipsa
613 3635 651 3674 ex
674 3613 820 3674 fructibus
842 3615 903 3674 suis
922 3623 1039 3693 partem
1055 3614 1175 3674 aedium

38 3714 218 3772 academiae
241 3714 400 3786 exstruxit,
424 3715 576 3792 stipendia
599 3717 759 3775 iuvenibus
780 3716 933 3776 nobilibus
955 3715 1111 3794 praebuit,
1135 3719 1173 3776 si·

39 3837 132 3894 quem
148 3813 349 3874 studiosorum
363 3814 602 3875 adolescentium
618 3817 700 3877 cultu
721 3827 751 3876 et
772 3819 885 3878 vestitu
901 3819 1084 3878 obsoletiore
1105 3841 1173 3880 con·

39 3924 200 3994 spexerat‚
229 3915 269 3974 ad
295 3937 328 3976 se
352 3919 456 3976 vocari
477 3919 580 3993 iussit,
607 3927 709 3979 vestes
729 3919 862 3979 donavit.
906 3921 970 3978 Iam
991 3941 1175 4002 veroquam

39 4019 207 4098 sapienter,
229 4038 320 4097 quam
341 4020 409 4098 pie,
433 4040 523 4100 qnam
544 4019 712 4081 liberaliter
736 4041 770 4080 se
788 4021 934 4081 Albertus
958 4025 989 4081 in
1012 4023 1171 4083 condenda

40 4121 148 4178 artium
177 4118 250 4178 sede
278 4121 420 4198 gesserit,
449 4121 559 4181 litteris
582 4131 653 4180 ante
678 4122 900 4183 dedicationem
922 4125 1084 4204 propositis
1109 4128 1174 4204 ipse

41 4222 151 4300 optimc
177 4221 338 4298 siguificat.
382 4223 461 4282 Nam
491 4243 569 4302 pace
598 4223 759 4283 Borussiae
791 4223 926 4299 reddita,
963 4247 1054 4307 quum
1081 4228 1176 4286 multa

42 4322 143 4380 civilia
172 4332 348 4383 ornamenta
371 4324 451 4382 bello
470 4325 522 4384 vel
549 4325 650 4385 deleta
669 4326 720 4385 vel
741 4336 885 4405 quassata
909 4338 1028 4402 esseut,
1053 4327 1175 4404 iudicia,

41 4421 138 4501 leges,
168 4422 372 4502 disciplinam,
401 4445 558 4485 censuram
579 4447 691 4485 morum
718 4448 751 4486 se
774 4428 932 4488 reduxisse
955 4451 991 4488 ac
1011 4431 1176 4490 munivisse
